% This file was created with JabRef 2.10b2.
% Encoding: UTF-8

%% NOTE: \LaTeX's comment character `%' is not a comment character in
%% the database files.  \BibTeX allows in the database files any
%% comment that's not within an entry.
%%
%% Repositorio de arquivos .bib disponiveis on-line:
%% http://liinwww.ira.uka.de/bibliography/index.html
%% http://www.math.utah.edu/~beebe/bibliographies.html
%%
%% Se voc� tiver problemas com acentos nas entradas do BibTeX, coloque-os
%% entre { e }, como em Jo{�}o ou ainda Jo{\~a}o.

%--------------------------------------------------------------------------------------------------------------------------------------------------------------------------------------
% AAA
%--------------------------------------------------------------------------------------------------------------------------------------------------------------------------------------
@Article{Abrahao2014,
  Title                    = {{A separability framework for analyzing community structure}},
  Author                   = {Abrahao, Bruno and Soundarajan, Sucheta and Hopcroft, John and Kleinberg, Robert},
  Journal                  = {ACM Transactions on Knowledge Discovery from Data},
  Year                     = {2014},
  Number                   = {1},
  Pages                    = {1--29},
  Volume                   = {8},
  Doi                      = {10.1145/2527231},
  File                     = {:home/amaury/.local/share/data/Mendeley Ltd./Mendeley Desktop/Downloaded/Abrahao et al. - 2014 - A separability framework for analyzing community structure.pdf:pdf},
  ISSN                     = {15564681},
  Url                      = {http://dl.acm.org/citation.cfm?doid=2582178.2527231}
}

@article{Achiam2016,
author = {Achiam, Yoav and Yahav, Inbal and Schwartz, David G.},
doi = {10.1109/ASONAM.2016.7752231},
isbn = {9781509028467},
journal = {Proceedings of the 2016 IEEE/ACM International Conference on Advances in Social Networks Analysis and Mining, ASONAM 2016},
mendeley-groups = {Disserta{\c{c}}{\~{a}}o/Co-Workers/TwitterMultilayer},
pages = {174--177},
title = {{Why not scale free? Simulating company ego networks on Twitter}},
year = {2016}
}


@article{Adedoyin-olowe2014,
	archivePrefix = {arXiv},
	arxivId = {1312.4617},
	author = {Adedoyin-olowe, Mariam and Gaber, Mohamed Medhat and Stahl, Frederic},
	eprint = {1312.4617},
	file = {:media/amaury/Dados/Dropbox/Mestrado/Ci{\^{e}}ncia da Computa{\c{c}}{\~{a}}o - UFG - GYN/Disserta{\c{c}}{\~{a}}o/Referencias Bibliograficas/Sugestoes dos Orientadores/1312.4617.pdf:pdf},
	journal = {International Journal of Research in Computer Engineering and Electronics},
	keywords = {data mining,social network,social network analysis},
	mendeley-groups = {Estudo Dirigido/by Interactions/Sugest. Orientadores},
	number = {6},
	pages = {1--8},
	title = {{A Survey of Data Mining Techniques for Social Network Analysis}},
	url = {http://jdmdh.episciences.org/18/pdf{\%}5Cnhttp://jdmdh.episciences.org/18/},
	volume = {3},
	year = {2014}
}


@inproceedings{Ahn2007,
 author = {Ahn, Yong-Yeol and Han, Seungyeop and Kwak, Haewoon and Moon, Sue and Jeong, Hawoong},
 title = {Analysis of Topological Characteristics of Huge Online Social Networking Services},
 booktitle = {Proceedings of the 16th International Conference on World Wide Web},
 series = {WWW '07},
 year = {2007},
 isbn = {978-1-59593-654-7},
 location = {Banff, Alberta, Canada},
 pages = {835--844},
 numpages = {10},
 url = {http://doi.acm.org/10.1145/1242572.1242685},
 doi = {10.1145/1242572.1242685},
 acmid = {1242685},
 publisher = {ACM},
 address = {New York, NY, USA},
 keywords = {sampling, social network},
} 

@Article{Ahn2010,
  Title                    = {{Link communities reveal multiscale complexity in networks}},
  Author                   = {Ahn, Yong-Yeol and Bagrow, James P and Lehmann, Sune},
  Journal                  = {Nature},
  Year                     = {2010},
  Volume                   = {466},
  Doi                      = {10.1038/nature09182},
  File                     = {:home/amaury/.local/share/data/Mendeley Ltd./Mendeley Desktop/Downloaded/Ahn, Bagrow, Lehmann - 2010 - Link communities reveal multiscale complexity in networks.pdf:pdf}
}

@article{Alstott2014,
archivePrefix = {arXiv},
arxivId = {1305.0215},
author = {Alstott, Jeff and Bullmore, Ed and Plenz, Dietmar},
doi = {10.1371/journal.pone.0085777},
eprint = {1305.0215},
isbn = {1932-6203},
issn = {19326203},
journal = {PLoS ONE},
mendeley-groups = {Disserta{\c{c}}{\~{a}}o/Metricas e Propriedade das Redes},
number = {1},
pmid = {24489671},
title = {{Powerlaw: A python package for analysis of heavy-tailed distributions}},
volume = {9},
year = {2014}
}

@Article{Altunbey2015,
  Title                    = {{Overlapping Community Detection in Social Networks Using Parliamentary Optimization Algorithm}},
  Author                   = {Altunbey, Feyza and Alatas, Bilal},
  Journal                  = {International Journal of Computer Networks and Applications},
  Year                     = {2015},
  Number                   = {1},
  Pages                    = {12--19},
  Volume                   = {2},
  File                     = {:home/amaury/.local/share/data/Mendeley Ltd./Mendeley Desktop/Downloaded/Altunbey, Alatas - 2015 - Overlapping Community Detection in Social Networks Using Parliamentary Optimization Algorithm.pdf:pdf},
  ISSN                     = {2395-0455},
  Keywords                 = {Index Terms – Social Networks,Overlapping Community Detection,Parliamentary Optimization Algorithm},
  Url                      = {http://oaji.net/articles/2015/1858-1428150310.pdf}
}

@Article{Alvari2013,
  Title                    = {{Discovering overlapping communities in social networks: A novel game-theoretic approach}},
  Author                   = {Alvari, Hamidreza and Hashemi, Sattar and Hamzeh, Ali},
  Journal                  = {AI Communications},
  Year                     = {2013},
  Number                   = {2},
  Pages                    = {161--177},
  Volume                   = {26},
  Doi                      = {10.3233/AIC-130557},
  ISBN                     = {0921-7126},
  ISSN                     = {09217126},
  Keywords                 = {Game theory,multiagent environment,overlapping communities,social networks,structural equivalence}
}

@Article{Alzahrani2016,
  Title                    = {{Complex information networks – detecting community structure in bipartite networks}},
  Author                   = {Alzahrani, Taher and Sciences, Geospatial},
  Year                     = {2016}
}

@INPROCEEDINGS{Amati2015,
author={G. Amati and S. Angelini and M. Bianchi and G. Fusco and G. Gambosi and G. Gaudino and G. Marcone and G. Rossi and P. Vocca}, 
booktitle={2015 7th International Joint Conference on Knowledge Discovery, Knowledge Engineering and Knowledge Management (IC3K)}, 
title={Moving beyond the Twitter follow graph}, 
year={2015}, 
volume={01}, 
number={}, 
pages={612-619}, 
keywords={Buildings;Facebook;Labeling;Measurement;Tagging;Twitter;Social Network Analysis;Twitter Graph}, 
doi={}, 
ISSN={}, 
month={Nov}
}

@InCollection{Amelio2014,
  Title                    = {{Overlapping Community Discovery Methods: A Survey}},
  Author                   = {Amelio, Alessia and Pizzuti, Clara},
  Publisher                = {Springer Vienna},
  Year                     = {2014},
  Pages                    = {1--20},
  Archiveprefix            = {arXiv},
  Arxivid                  = {1411.3935},
  Doi                      = {10.1007/978-3-7091-1797-2},
  Eprint                   = {1411.3935},
  File                     = {:home/amaury/.local/share/data/Mendeley Ltd./Mendeley Desktop/Downloaded/Amelio, Pizzuti - 2014 - Overlapping Community Discovery Methods A Survey(2).pdf:pdf},
  ISBN                     = {3709117968},
  Url                      = {http://arxiv.org/abs/1411.3935$\backslash$nhttp://dx.doi.org/10.1007/978-3-7091-1797-2}
}

@inproceedings{Amitava:2012,
 author = {Lim, Kwan Hui and Datta, Amitava},
 title = {Finding Twitter Communities with Common Interests Using Following Links of Celebrities},
 booktitle = {Proceedings of the 3rd International Workshop on Modeling Social Media},
 series = {MSM '12},
 year = {2012},
 isbn = {978-1-4503-1402-2},
 location = {Milwaukee, Wisconsin, USA},
 pages = {25--32},
 numpages = {8},
 url = {http://doi-acm-org.ez49.periodicos.capes.gov.br/10.1145/2310057.2310064},
 doi = {10.1145/2310057.2310064},
 acmid = {2310064},
 publisher = {ACM},
 address = {New York, NY, USA},
 keywords = {community detection, graph mining, social networks, twitter},
} 

@Article{Aparicio2015,
AUTHOR = {Aparicio, Sofía and Villazón-Terrazas, Javier and Álvarez, Gonzalo},
TITLE = {A Model for Scale-Free Networks: Application to Twitter},
JOURNAL = {Entropy},
VOLUME = {17},
YEAR = {2015},
NUMBER = {8},
PAGES = {5848--5867},
URL = {http://www.mdpi.com/1099-4300/17/8/5848},
ISSN = {1099-4300},
DOI = {10.3390/e17085848}
}


@INPROCEEDINGS{Arnaboldi:2012, 
author={V. Arnaboldi and M. Conti and A. Passarella and F. Pezzoni}, 
booktitle={2012 International Conference on Privacy, Security, Risk and Trust and 2012 International Confernece on Social Computing}, 
title={Analysis of Ego Network Structure in Online Social Networks}, 
year={2012}, 
volume={}, 
number={}, 
pages={31-40}, 
keywords={pattern clustering;social networking (online);ego network structure;online social networks;offline social networks;ego network model;virtual environments;Facebook relationships;clustering techniques;Dunbar number;Facebook;Frequency estimation;Humans;Crawlers;Estimation;Time frequency analysis}, 
doi={10.1109/SocialCom-PASSAT.2012.41}, 
ISSN={}, 
month={Sept},}

@INPROCEEDINGS{Arnaboldi:2013, 
author={V. Arnaboldi and M. Conti and A. Passarella and F. Pezzoni}, 
booktitle={2013 Proceedings IEEE INFOCOM}, 
title={Ego networks in Twitter: An experimental analysis}, 
year={2013}, 
volume={}, 
number={}, 
pages={3459-3464}, 
keywords={Internet;social networking (online);social sciences computing;ego network;Twitter;experimental analysis;online social network;social relationship maintenance;content generation;humancentric network;data exchange system;Internet service;human social relationship;structural property;human-centred system;human social network;offline environment;offline social network;social characteristics;cognitive constraint;human brain;Twitter;Facebook;Indexes;Accuracy;Conferences;Communication networks}, 
doi={10.1109/INFCOM.2013.6567181}, 
ISSN={0743-166X}, 
month={April},}

@inproceedings{Arnaboldi:2013a,
 author = {Arnaboldi, Valerio and Conti, Marco and Passarella, Andrea and Dunbar, Robin},
 title = {Dynamics of Personal Social Relationships in Online Social Networks: A Study on Twitter},
 booktitle = {Proceedings of the First ACM Conference on Online Social Networks},
 series = {COSN '13},
 year = {2013},
 isbn = {978-1-4503-2084-9},
 location = {Boston, Massachusetts, USA},
 pages = {15--26},
 numpages = {12},
 url = {http://doi.acm.org/10.1145/2512938.2512949},
 doi = {10.1145/2512938.2512949},
 acmid = {2512949},
 publisher = {ACM},
 address = {New York, NY, USA},
 keywords = {ego networks, online social networks, personal social relationships},
} 

@article{Arnaboldi:2016,
 author = {Arnaboldi, Valerio and Conti, Marco and La Gala, Massimiliano and Passarella, Andrea and Pezzoni, Fabio},
 title = {Ego Network Structure in Online Social Networks and Its Impact on Information Diffusion},
 journal = {Comput. Commun.},
 issue_date = {February 2016},
 volume = {76},
 number = {C},
 month = feb,
 year = {2016},
 issn = {0140-3664},
 pages = {26--41},
 numpages = {16},
 url = {https://doi.org/10.1016/j.comcom.2015.09.028},
 doi = {10.1016/j.comcom.2015.09.028},
 acmid = {2899300},
 publisher = {Elsevier Science Publishers B. V.},
 address = {Amsterdam, The Netherlands, The Netherlands},
 keywords = {Ego networks, Information diffusion, Online social networks, Tie strength},
} 

@article{Arnaboldi:2017a,
author = {Arnaboldi, Valerio and Passarella, Andrea and Conti, Marco and Dunbar, Robin},
title = {Structure of Ego-Alter Relationships of Politicians in Twitter},
journal = {Journal of Computer-Mediated Communication},
volume = {22},
number = {5},
pages = {231-247},
year = {2017},
keywords = {Political Social Networks, Ego-centric Networks, Ego-alter Network Structure, Twitter, Network Dynamics},
doi = {10.1111/jcc4.12193},
url = {https://onlinelibrary.wiley.com/doi/abs/10.1111/jcc4.12193},
eprint = {https://onlinelibrary.wiley.com/doi/pdf/10.1111/jcc4.12193},
abstract = {We analyze the ego-alter Twitter networks of 300 Italian MPs and 18 European leaders, and of about 14,000 generic users. We find structural properties typical of social environments, meaning that Twitter activity is controlled by constraints that are similar to those shaping conventional social relationships. However, the evolution of ego-alter ties is very dynamic, which suggests that they are not entirely used for social interaction, but for public signaling and self-promotion. From this standpoint, the behavior of EU leaders is much more evident, while Italian MPs are in between them and generic users. We find that politicians – more than generic users – create relationships as a side effect of tweeting on discussion topics, rather than by contacting specific alters.}
}


@article{ARNABOLDI2017,
title = "Online Social Networks and information diffusion: The role of ego networks",
journal = "Online Social Networks and Media",
volume = "1",
pages = "44 - 55",
year = "2017",
issn = "2468-6964",
doi = "https://doi.org/10.1016/j.osnem.2017.04.001",
url = "http://www.sciencedirect.com/science/article/pii/S2468696417300150",
author = "Valerio Arnaboldi and Marco Conti and Andrea Passarella and Robin I.M. Dunbar",
keywords = "Online Social Networks, Ego networks, Tie strength, Information diffusion, Dunbar’s number"
}

@INPROCEEDINGS{Azaza2015, 
author={Azaza, L. and  Kirgizov, S. and   Savonnet, M. and Leclercq, É.  and Faiz, R.}, 
booktitle={2015 11th International Conference on Signal-Image Technology Internet-Based Systems (SITIS)}, 
title={Influence Assessment in Twitter Multi-relational Network}, 
year={2015}, 
volume={}, 
number={}, 
pages={436-443}, 
doi={10.1109/SITIS.2015.82}, 
ISSN={}, 
month={Nov}
}

@article{Azaza2016,
author = {Azaza, Lobna and Kirgizov, Sergey and Savonnet, Marinette and Leclercq, {\'{E}}ric and Gastineau, Nicolas and Faiz, Rim},
doi = {10.1186/s40649-016-0030-2},
issn = {2197-4314},
journal = {Computational Social Networks},
keywords = {Belief theory,Information fusion,Multi-level fusion,Social influence,Twitter network,belief theory,information fusion,multi-level fusion,social influence,twitter},
mendeley-groups = {Disserta{\c{c}}{\~{a}}o/Co-Workers/TwitterMultilayer},
publisher = {Springer International Publishing},
title = {{Information fusion-based approach for studying influence on Twitter using belief theory}},
year = {2016}
}

%--------------------------------------------------------------------------------------------------------------------------------------------------------------------------------------
% BBB
%--------------------------------------------------------------------------------------------------------------------------------------------------------------------------------------
@article {Barabasi509,
	author = {Barab{\'a}si, Albert-L{\'a}szl{\'o} and Albert, R{\'e}ka},
	title = {Emergence of Scaling in Random Networks},
	volume = {286},
	number = {5439},
	pages = {509--512},
	year = {1999},
	doi = {10.1126/science.286.5439.509},
	publisher = {American Association for the Advancement of Science},
	eprint = {http://science.sciencemag.org/content/286/5439/509.full.pdf},
	journal = {Science}
}

@Article{Barthwal2013,
  Title                    = {{Finding overlapping communities in a complex network of social linkages and Internet of things}},
  Author                   = {Barthwal, Romil and Misra, Sudip and Obaidat, Mohammad S.},
  Journal                  = {The Journal of Supercomputing},
  Year                     = {2013},
  Month                    = {dec},
  Number                   = {3},
  Pages                    = {1749--1772},
  Volume                   = {66},
  Doi                      = {10.1007/s11227-013-0973-0},
  ISSN                     = {0920-8542},
  Publisher                = {Springer US},
  Url                      = {http://link.springer.com/10.1007/s11227-013-0973-0}
}

@article{Battiston2014,
  title = {Structural measures for multiplex networks},
  author = {Battiston, Federico and Nicosia, Vincenzo and Latora, Vito},
  journal = {Physical Review E},
  volume = {89},
  issue = {3},
  pages = {032804},
  numpages = {14},
  year = {2014},
  month = {Mar},
  publisher = {American Physical Society},
  doi = {10.1103/PhysRevE.89.032804},
}

@article{Bedi2016,
 author = {Bedi, Punam and Sharma, Chhavi},
 title = {Community Detection in Social Networks},
 journal = {Wiley Int. Rev. Data Min. and Knowl. Disc.},
 issue_date = {May 2016},
 volume = {6},
 number = {3},
 month = may,
 year = {2016},
 issn = {1942-4787},
 pages = {115--135},
 numpages = {21},
 url = {https://doi.org/10.1002/widm.1178},
 doi = {10.1002/widm.1178},
 acmid = {3034457},
 publisher = {John Wiley {\&} Sons, Inc.},
 address = {New York, NY, USA},
}

@article{Berlingerio2011,
author = {Berlingerio, Michele and Coscia, Michele and Giannotti, Fosca and Monreale, Anna and Pedreschi, Dino},
doi = {10.1109/ASONAM.2011.103},
isbn = {9780769543758},
journal = {Proceedings - 2011 International Conference on Advances in Social Networks Analysis and Mining, ASONAM 2011},
pages = {485--489},
title = {{Foundations of multidimensional network analysis}},
year = {2011}
}

@Article{Bhat2015a,
  Title                    = {{OCMiner: A density-based overlapping community detection method for social networks}},
  Author                   = {Bhat, Sajid Yousuf and Abulais, Muhammad},
  Journal                  = {Intelligent Data Analysis},
  Year                     = {2015},
  Number                   = {4},
  Pages                    = {917--974},
  Volume                   = {19},
  Doi                      = {10.3233/IDA-150751},
  ISSN                     = {15714128},
  Keywords                 = {Social network analysis,community detection,density-based clustering,overlapping community detection}
}

@Article{Bhat2015,
  Title                    = {{HOCTracker: Tracking the Evolution of Hierarchical and Overlapping Communities in Dynamic Social Networks}},
  Author                   = {Bhat, Sajid Yousuf and Abulaish, Muhammad},
  Journal                  = {IEEE Transactions on Knowledge and Data Engineering},
  Year                     = {2015},
  Month                    = {apr},
  Number                   = {4},
  Pages                    = {1019--1031},
  Volume                   = {27},
  Doi                      = {10.1109/TKDE.2014.2349918},
  ISBN                     = {1041-4347},
  ISSN                     = {10414347},
  Keywords                 = {Social network analysis,community evolution,community hierarchy,overlapping community detection},
  Publisher                = {IEEE},
  Url                      = {http://ieeexplore.ieee.org/lpdocs/epic03/wrapper.htm?arnumber=6880805}
}

@Article{Bhat2013,
  Title                    = {{Overlapping social network communities and viral marketing}},
  Author                   = {Bhat, Sajid Yousuf and Abulaish, Muhammad},
  Journal                  = {Proceedings - 2013 International Symposium on Computational and Business Intelligence, ISCBI 2013},
  Year                     = {2013},
  Pages                    = {243--246},
  Doi                      = {10.1109/ISCBI.2013.56},
  ISBN                     = {9780769550664},
  ISSN                     = {978-0-7695-5066-4},
  Keywords                 = {Business intelligence,Overlapping community mining,Social network analysis,Viral marketing}
}

@Article{Bhat2012,
  Title                    = {{OCTracker: A density-based framework for tracking the evolution of overlapping communities in OSNs}},
  Author                   = {Bhat, Sajid Yousuf and Abulaish, Muhammad},
  Journal                  = {Proceedings of the 2012 IEEE/ACM International Conference on Advances in Social Networks Analysis and Mining, ASONAM 2012},
  Year                     = {2012},
  Pages                    = {501--505},
  Doi                      = {10.1109/ASONAM.2012.86},
  ISBN                     = {9780769547992},
  ISSN                     = {978-0-7695-4799-2},
  Keywords                 = {Community detection,Community evolution,Data mining,Density-based clustering,Social network analysis}
}


@inproceedings{Bhattacharya:2014,
 author = {Bhattacharya, Parantapa and Zafar, Muhammad Bilal and Ganguly, Niloy and Ghosh, Saptarshi and Gummadi, Krishna P.},
 title = {Inferring User Interests in the Twitter Social Network},
 booktitle = {Proceedings of the 8th ACM Conference on Recommender Systems},
 series = {RecSys '14},
 year = {2014},
 isbn = {978-1-4503-2668-1},
 location = {Foster City, Silicon Valley, California, USA},
 pages = {357--360},
 numpages = {4},
 url = {http://doi.acm.org/10.1145/2645710.2645765},
 doi = {10.1145/2645710.2645765},
 acmid = {2645765},
 publisher = {ACM},
 address = {New York, NY, USA},
 keywords = {labeled lda, lists, twitter, user interests},
} 

@InProceedings{Bingying2013,
  Title                    = {{Overlapping Community Detection on Dynamic Social Network}},
  Author                   = {Bingying, Xu and Lei, Deng and Yan, Jia and Bin, Zhou and Yi, Han},
  Booktitle                = {Computational Intelligence and Design (ISCID), 2013 Sixth International Symposium on},
  Year                     = {2013},
  Month                    = {oct},
  Pages                    = {321--326},
  Publisher                = {IEEE},
  Volume                   = {2},
  Doi                      = {10.1109/ISCID.2013.194},
  File                     = {:home/amaury/.local/share/data/Mendeley Ltd./Mendeley Desktop/Downloaded/Bingying et al. - 2013 - Overlapping Community Detection on Dynamic Social Network.pdf:pdf},
  ISBN                     = {978-0-7695-5079-4},
  ISSN                     = {978-0-7695-5079-4},
  Keywords                 = {Accuracy,Algorithm design and analysis,Clustering algorithms,Communities,Heuristic algorithms,Image edge detection,Social network services,community detection,complex networks,dynamic network,dynamic social network,local fitness,overlapping community,overlapping community detection methods,social network community evolution mechanism,social network community formation,social network community structure,social sciences},
  Url                      = {http://ieeexplore.ieee.org/lpdocs/epic03/wrapper.htm?arnumber=6804893}
}

@article{Boccaletti2014,
title = "The structure and dynamics of multilayer networks",
journal = "Physics Reports",
volume = "544",
number = "1",
pages = "1 - 122",
year = "2014",
note = "The structure and dynamics of multilayer networks",
issn = "0370-1573",
doi = "https://doi.org/10.1016/j.physrep.2014.07.001",
url = "http://www.sciencedirect.com/science/article/pii/S0370157314002105",
author = "S. Boccaletti and G. Bianconi and R. Criado and C.I. del Genio and J. Gómez-Gardeñes and M. Romance and I. Sendiña-Nadal and Z. Wang and M. Zanin"
}

@book{bollobas01,
  added-at = {2007-03-12T11:29:08.000+0100},
  author = {Bollobas, B.},
  biburl = {https://www.bibsonomy.org/bibtex/2a08b7937f79ce0cf9854806274e42ee1/vittorio.loreto},
  citeulike-article-id = {827976},
  interhash = {d6845690efa62f6cf293b4acc97a569c},
  intrahash = {a08b7937f79ce0cf9854806274e42ee1},
  keywords = {2001 RMP_CFL bollobas graphs random},
  priority = {5},
  publisher = {Cambridge University Press},
  timestamp = {2007-03-12T11:29:08.000+0100},
  title = {Random Graphs},
  year = 2001
}

@inproceedings{Borondo:2016,
 author = {Borondo, J. and Morales, A. J. and Losada, J. C. and Benito, R. M.},
 title = {Analyzing the Usage of Social Media During Spanish Presidential Electoral Campaigns},
 booktitle = {Proceedings of the 2016 IEEE/ACM International Conference on Advances in Social Networks Analysis and Mining},
 series = {ASONAM '16},
 year = {2016},
 isbn = {978-1-5090-2846-7},
 location = {Davis, California},
 pages = {785--792},
 numpages = {8},
 url = {http://dl.acm.org/citation.cfm?id=3192424.3192573},
 acmid = {3192573},
 publisher = {IEEE Press},
 address = {Piscataway, NJ, USA},
 keywords = {Twitter, communities, complex networks, online communication patterns, political conversations, political elections, relative support parameter, social network analysis},
} 

@article{Brown2013,
	archivePrefix = {arXiv},
	arxivId = {arXiv:1303.6460v2},
	author = {Brown, Chlo{\"{e}} and Nicosia, Vincenzo and Scellato, Salvatore and Noulas, Anastasios and Mascolo, Cecilia},
	doi = {10.1140/epjb/e2013-40253-6},
	eprint = {arXiv:1303.6460v2},
	isbn = {1434-6028$\backslash$r1434-6036},
	issn = {14346036},
	journal = {European Physical Journal B},
	number = {6},
	title = {{Social and place-focused communities in location-based online social networks}},
	volume = {86},
	year = {2013}
}

%--------------------------------------------------------------------------------------------------------------------------------------------------------------------------------------
% CCC
%--------------------------------------------------------------------------------------------------------------------------------------------------------------------------------------

@article{Cardilo2013,
	Author = {Cardillo, Alessio and G{\'o}mez-Garde{\~n}es, Jes{\'u}s and Zanin, Massimiliano and Romance, Miguel and Papo, David and Pozo, Francisco del and Boccaletti, Stefano},
	Date = {2013/02/27/online},
	Day = {27},
	Journal = {Scientific Reports},
	DOI = {10.1038/srep01344; },
	Month = {02},
	Title = {Emergence of network features from multiplexity},
	Volume = {3},
	number={1344},
	pages={1-6},
	Year = {2013},
	}
	
@Article{Cazabet2010,
  Title                    = {{Detection of overlapping communities in dynamical social networks}},
  Author                   = {Cazabet, R{\'{e}}my and Amblard, Fr{\'{e}}d{\'{e}}ric and Hanachi, Chihab},
  Journal                  = {Proceedings - SocialCom 2010: 2nd IEEE International Conference on Social Computing, PASSAT 2010: 2nd IEEE International Conference on Privacy, Security, Risk and Trust},
  Year                     = {2010},
  Pages                    = {309--314},
  Doi                      = {10.1109/SocialCom.2010.51},
  ISBN                     = {9780769542119},
  ISSN                     = {9780769542119},
  Keywords                 = {Community detection,Dynamic networks,Social network analysis}
}

@article{Chakraborty2017,
 author = {Chakraborty, Tanmoy and Dalmia, Ayushi and Mukherjee, Animesh and Ganguly, Niloy},
 title = {Metrics for Community Analysis: A Survey},
 journal = {ACM Comput. Surv.},
 issue_date = {November 2017},
 volume = {50},
 number = {4},
 month = aug,
 year = {2017},
 issn = {0360-0300},
 pages = {54:1--54:37},
 articleno = {54},
 numpages = {37},
 url = {http://doi.acm.org/10.1145/3091106},
 doi = {10.1145/3091106},
 acmid = {3091106},
 publisher = {ACM},
 address = {New York, NY, USA},
 keywords = {Metrics, community discovery, community evaluation},
} 

@article{Chen2009,
author = {Chen, Jiyang and Za??, Osmar R. and Goebel, Randy},
doi = {10.1109/ASONAM.2009.14},
isbn = {9780769536897},
issn = {0129-6264},
journal = {Proceedings of the 2009 International Conference on Advances in Social Network Analysis and Mining, ASONAM 2009},
mendeley-groups = {Disserta{\c{c}}{\~{a}}o/Avalia{\c{c}}{\~{a}}o de Comunidades},
pages = {237--242},
title = {{Local community identification in social networks}},
year = {2009}
}

@Article{Chen2010,
  Title                    = {{A game-theoretic framework to identify overlapping communities in social networks}},
  Author                   = {Chen, Wei and Liu, Zhenming and Sun, Xiaorui and Wang, Yajun},
  Journal                  = {Data Mining and Knowledge Discovery},
  Year                     = {2010},
  Number                   = {2},
  Pages                    = {224--240},
  Volume                   = {21},
  Doi                      = {10.1007/s10618-010-0186-6},
  ISSN                     = {13845810},
  Keywords                 = {Community discovery,Overlapping communities,Social network analysis}
}

@inproceedings{Chen2012,
 author = {Chen, Kailong and Chen, Tianqi and Zheng, Guoqing and Jin, Ou and Yao, Enpeng and Yu, Yong},
 title = {Collaborative Personalized Tweet Recommendation},
 booktitle = {Proceedings of the 35th International ACM SIGIR Conference on Research and Development in Information Retrieval},
 series = {SIGIR '12},
 year = {2012},
 isbn = {978-1-4503-1472-5},
 location = {Portland, Oregon, USA},
 pages = {661--670},
 numpages = {10},
 url = {http://doi.acm.org/10.1145/2348283.2348372},
 doi = {10.1145/2348283.2348372},
 acmid = {2348372},
 publisher = {ACM},
 address = {New York, NY, USA},
 keywords = {collaborative ranking, personalization, tweet recommendation, twitter},
} 

@Article{Chen2014,
  Title                    = {{The Bridge Edge Label Propagation for Overlapping Community Detection in Social Networks}},
  Author                   = {Chen, JL and Hu, JW and Yang, CS},
  Journal                  = {Intelligent Data analysis and its Applications, {\ldots}},
  Year                     = {2014},
  Pages                    = {97--102},
  Volume                   = {297},
  Doi                      = {10.1007/978-3-319-07776-5_11},
  Publisher                = {Springer International Publishing},
  Url                      = {http://link.springer.com/10.1007/978-3-319-07776-5{\_}11 http://link.springer.com/chapter/10.1007/978-3-319-07776-5{\_}11}
}

@inproceedings{Chen:2014,
 author = {Chen, Chengyao and Gao, Dehong and Li, Wenjie and Hou, Yuexian},
 title = {Inferring Topic-dependent Influence Roles of Twitter Users},
 booktitle = {Proceedings of the 37th International ACM SIGIR Conference on Research \&\#38; Development in Information Retrieval},
 series = {SIGIR '14},
 year = {2014},
 isbn = {978-1-4503-2257-7},
 location = {Gold Coast, Queensland, Australia},
 pages = {1203--1206},
 numpages = {4},
 url = {http://doi.acm.org/10.1145/2600428.2609545},
 doi = {10.1145/2600428.2609545},
 acmid = {2609545},
 publisher = {ACM},
 address = {New York, NY, USA},
 keywords = {influential users, multi-view, twitter},
} 

@article{Chen2015,
archivePrefix = {arXiv},
arxivId = {1507.05492},
author = {Chen, Mingming and Liu, Sisi and Szymanski, Boleslaw K.},
doi = {10.1109/ENIC.2014.26},
eprint = {1507.05492},
title = {{Parallel Toolkit for Measuring the Quality of Network Community Structure}},
url = {http://arxiv.org/abs/1507.05492{\%}0Ahttp://dx.doi.org/10.1109/ENIC.2014.26},
year = {2015}
}

@Article{Clauset2004,
  Title                    = {{Finding community structure in very large networks}},
  Author                   = {Clauset, a and Newman, M E J and Moore, C},
  Journal                  = {Phys. Rev. E},
  Year                     = {2004},
  Pages                    = {66111},
  Volume                   = {70},
  Archiveprefix            = {arXiv},
  Arxivid                  = {cond-mat/0408187},
  Doi                      = {10.1103/PhysRevE.70.066111},
  Eprint                   = {0408187},
  ISSN                     = {15393755},
  Pmid                     = {15697438},
  Primaryclass             = {cond-mat},
  Url                      = {http://prola.aps.org/abstract/PRE/v70/i6/e066111}
}

@article{Clauset2009,
author = {Clauset, A and  Shalizi, C. R.  and Newman, M. E. J. },
title = {Power-Law Distributions in Empirical Data},
journal = {SIAM Review},
volume = {51},
number = {4},
pages = {661-703},
year = {2009},
doi = {10.1137/070710111},
}

@article{Cohen2003,
  title = {Scale-Free Networks Are Ultrasmall},
  author = {Cohen, Reuven and Havlin, Shlomo},
  journal = {Physical Review Letters},
  volume = {90},
  issue = {5},
  pages = {058701},
  numpages = {4},
  year = {2003},
  month = {Feb},
  publisher = {American Physical Society},
  doi = {10.1103/PhysRevLett.90.058701},
}

@article{Coscia:2014,
 author = {Coscia, Michele and Rossetti, Giulio and Giannotti, Fosca and Pedreschi, Dino},
 title = {Uncovering Hierarchical and Overlapping Communities with a Local-First Approach},
 journal = {ACM Trans. Knowl. Discov. Data},
 issue_date = {October 2014},
 volume = {9},
 number = {1},
 month = aug,
 year = {2014},
 issn = {1556-4681},
 pages = {6:1--6:27},
 articleno = {6},
 numpages = {27},
 url = {http://doi.acm.org/10.1145/2629511},
 doi = {10.1145/2629511},
 acmid = {2629511},
 publisher = {ACM},
 address = {New York, NY, USA},
 keywords = {Complex networks, community discovery, data mining},
} 

@article{Correa2012,
	doi = {10.1145/2389686.2389698},
	journal = {International Conference on Information and Knowledge Management, Proceedings},
	keywords = {Automatic Detection,Community detection,Computer aided design,Graph-based,Knowledge management,Local information,N-grams,Research,Semantics,Social media,Social networking (online),Social networks,Three dimensions,Twitter,User interaction,User interests,Web services},
	mendeley-groups = {Estudo Dirigido/by Interactions/Busca Inicial/by Interactions},
	pages = {51--58},
	title = {{iTop - Interaction based topic centric community discovery on twitter}},
	url = {http://www.scopus.com/inward/record.url?eid=2-s2.0-84870405605{\&}partnerID=40{\&}md5=034bacde017aee4219fa22a82bcb648d},
	year = {2012}
}



%--------------------------------------------------------------------------------------------------------------------------------------------------------------------------------------
% DDD
%--------------------------------------------------------------------------------------------------------------------------------------------------------------------------------------
@article{Darmon2013,
author = {Darmon, D and Omodei, E and Flores, CO},
file = {:media/amaury/Dados/Dropbox/Mestrado/Ci{\^{e}}ncia da Computa{\c{c}}{\~{a}}o - UFG - GYN/Disserta{\c{c}}{\~{a}}o/Referencias Bibliogr{\'{a}}ficas/Co-Workers/Detecting Communities Using Information Flow in Social Networks.pdf:pdf},
journal = {Proceedings of the {\ldots}},
mendeley-groups = {Disserta{\c{c}}{\~{a}}o/Co-Workers},
pages = {1--21},
title = {{Detecting Communities Using Information Flow in Social Networks}},
url = {http://santafe.edu/media/cms{\_}page{\_}media/500/CSSS13-dynComPaper (2){\_}1.pdf},
year = {2013}
}


@article{Darmon2015,
archivePrefix = {arXiv},
arxivId = {1404.0300},
author = {Darmon, David and Omodei, Elisa and Garland, Joshua},
doi = {10.1371/journal.pone.0134860},
eprint = {1404.0300},
issn = {19326203},
journal = {PLoS ONE},
number = {8},
pages = {1--20},
pmid = {26267868},
title = {{Followers are not enough: A multifaceted approach to community detection in online social networks}},
volume = {10},
url = {https://doi.org/10.1371/journal.pone.0134860},
year = {2015}
}

@article{DeArruda2016,
title = "On degree–degree correlations in multilayer networks",
journal = "Physica D: Nonlinear Phenomena",
volume = "323-324",
pages = "5 - 11",
year = "2016",
note = "Nonlinear Dynamics on Interconnected Networks",
issn = "0167-2789",
doi = "https://doi.org/10.1016/j.physd.2015.11.004",
url = "http://www.sciencedirect.com/science/article/pii/S0167278915002250",
author = "Guilherme Ferraz de Arruda and Emanuele Cozzo and Yamir Moreno and Francisco A. Rodrigues",
keywords = "Multilayer networks, Degree–degree correlations, Tensorial representation"
}

@article{DeDomenico2015,
author = {De Domenico, Manlio and Porter, Mason A. and Arenas, Alex},
title = {MuxViz: a tool for multilayer analysis and visualization of networks},
journal = {Journal of Complex Networks},
volume = {3},
number = {2},
pages = {159-176},
year = {2015},
doi = {10.1093/comnet/cnu038},
URL = {http://dx.doi.org/10.1093/comnet/cnu038},
eprint = {/oup/backfile/content_public/journal/comnet/3/2/10.1093/comnet/cnu038/2/cnu038.pdf}
}

@Article{Dhouioui2000,
  Title                    = {{Overlapping Community Detection in Social Networks}},
  Author                   = {Dhouioui, Zeineb and Akaichi, Jalel},
  Journal                  = {2013 IEEE INTERNATIONAL CONFERENCE ON BIOINFORMATICS AND BIOMEDICINE (BIBM)},
  Year                     = {2013},
  Number                   = {2},
  Pages                    = {17--23},
  Volume                   = {0},
  Doi                      = {10.1145/1235},
  ISBN                     = {9781450321389},
  ISSN                     = {2156-1125},
  Keywords                 = {complex networks,edge betweenness,healthcare,overlapping community detection,social networks},
  Url                      = {http://doi.ieeecomputersociety.org/10.1109/BIBM.2013.6732729}
}

@Article{Dhouioui2013,
  Title                    = {{Overlapping Community Detection in Social Networks}},
  Author                   = {Dhouioui, Zeineb and Akaichi, Jalel},
  Journal                  = {2013 IEEE INTERNATIONAL CONFERENCE ON BIOINFORMATICS AND BIOMEDICINE (BIBM)},
  Year                     = {2013},

  Month                    = {dec},
  Number                   = {2},
  Pages                    = {17--23},
  Volume                   = {0},
  Doi                      = {10.1145/1235},
  ISBN                     = {9781450321389},
  ISSN                     = {2156-1125},
  Keywords                 = {complex networks,edge betweenness,healthcare,overlapping community detection,social networks},
  Publisher                = {IEEE},
  Url                      = {http://ieeexplore.ieee.org/lpdocs/epic03/wrapper.htm?arnumber=6732729 http://doi.ieeecomputersociety.org/10.1109/BIBM.2013.6732729}
}

@Article{Dhumal2015,
  Title                    = {{Survey on Community Detection in Online Social Networks}},
  Author                   = {Dhumal, Amit and Kamde, Pravin},
  Journal                  = {International Journal of Computer Applications},
  Year                     = {2015},
  Number                   = {9},
  Pages                    = {975--8887},
  Volume                   = {121},
  Keywords                 = {Community detection,data clustering,online social networks}
}

@Article{Dickinson2013,
  Title                    = {{A Genetic Algorithm for Identifying Overlapping Communities in Social Networks Using an Optimized Search Space}},
  Author                   = {Dickinson, Brian and Valyou, Benjamin and Hu, Wei},
  Journal                  = {Social Networking},
  Year                     = {2013},
  Number                   = {04},
  Pages                    = {193--201},
  Volume                   = {02},
  Doi                      = {10.4236/sn.2013.24019},
  File                     = {:home/amaury/.local/share/data/Mendeley Ltd./Mendeley Desktop/Downloaded/Dickinson, Valyou, Hu - 2013 - A Genetic Algorithm for Identifying Overlapping Communities in Social Networks Using an Optimized Search.pdf:pdf},
  ISSN                     = {2169-3285},
  Keywords                 = {Genetic Algorithm,Overlapping Community Detection,Social Networks,genetic algorithm,overlapping community detection,social networks},
  Publisher                = {Scientific Research Publishing},
  Url                      = {http://www.scirp.org/journal/PaperInformation.aspx?PaperID=38805{\&}{\#}abstract}
}

@article{Ding2017,
title = "Topologically biased random walk for diffusions on multiplex networks",
journal = "Journal of Computational Science",
year = "2017",
issn = "1877-7503",
doi = "https://doi.org/10.1016/j.jocs.2017.10.016",
url = "http://www.sciencedirect.com/science/article/pii/S1877750317305604",
author = "Cangfeng Ding and Kan Li",
keywords = "Multiplex networks, Biased random walks, Diffusion, Entropy rate"
}

@inproceedings{Dykstra2014,
title = "Covering the egonet: A crowdsourcing approach to social circle discovery on twitter",
keywords = "graph mining, social media, social network analysis, twitter, graph mining, social media, social network analysis, twitter, graph mining, social media, social network analysis, twitter",
author = "Karmen Dykstra and Jefrey Lijffijt and Aristides Gionis",
note = "VK: Gionis, A.; HIIT",
year = "2015",
language = "English",
isbn = "978-1-57735-733-9",
pages = "606--609",
booktitle = "9th International Conference on Weblogs and Social Media, (ICWSM) 2015, University of Oxford, Oxford, UK, May 26-29, 2015",
}



@InCollection{Dong2015,
  Title                    = {{Overlapping Community Detection in Directed Heterogeneous Social Network}},
  Author                   = {Dong, Xin Luna and Yu, Xiaohui and Li, Jian and Sun, Yizhou},
  Booktitle                = {Web-Age Information Management (Waim 2015)},
  Year                     = {2015},
  Pages                    = {490--493},
  Volume                   = {9098},

  Abstract                 = {In social networks, users and artifacts (documents, discussions or videos) can be modelled as directed bi-type heterogeneous networks. Most existing works for community detection is either with undirected links or in homogeneous networks. In this paper, we propose an efficient algorithm OcdRank (Overlapping Community Detection and Ranking), which combines overlapping community detection and community-member ranking together in directed heterogeneous social network. The algorithm has low time complexity and supports incremental update. Experiments show that our method can detect better community structures as compared to other existing community detection methods.},
  Doi                      = {10.1007/978-3-319-21042-1},
  ISBN                     = {978-3-319-21041-4},
  ISSN                     = {0302-9743},
  Url                      = {http://link.springer.com/10.1007/978-3-319-21042-1}
}

@Article{Dreier2014,
  Title                    = {{Overlapping Communities in Social Networks}},
  Author                   = {Dreier, Jan and Kuinke, Philipp and Przybylski, Rafael and Reidl, Felix and Rossmanith, Peter and Sikdar, Somnath},
  Journal                  = {arXiv preprint arXiv: {\ldots}},
  Year                     = {2014},
  Archiveprefix            = {arXiv},
  Arxivid                  = {1412.4973},
  Doi                      = {10.1504/IJSCCPS.2011.044171},
  Eprint                   = {1412.4973},
  File                     = {:home/amaury/.local/share/data/Mendeley Ltd./Mendeley Desktop/Downloaded/Dreier et al. - 2014 - Overlapping Communities in Social Networks.pdf:pdf},
  ISSN                     = {2040-0721},
  Url                      = {http://arxiv.org/abs/1412.4973}
}



%--------------------------------------------------------------------------------------------------------------------------------------------------------------------------------------
% EEE
%--------------------------------------------------------------------------------------------------------------------------------------------------------------------------------------

@Article{Epasto2015,
  Title                    = {{Ego-net Community Mining Applied to Friend Suggestion}},
  Author                   = {Epasto, Alessandro and Lattanzi, Silvio and Mirrokni, Vahab and Sebe, Ismail Oner and Taei, Ahmed and Verma, Sunita},
  Journal                  = {Proceedings of the VLDB Endowment },
  Year                     = {2015},
  Number                   = {4},
  Pages                    = {324--335},
  Volume                   = {9},

  Abstract                 = {In this paper, we present a study of the community structure of ego-networks—the graphs representing the connections among the neighbors of a node—for several online social networks. Toward this goal, we design a new technique to efficiently build and cluster all the ego-nets of a graph in parallel (note that even just building the ego-nets efficiently is challenging on large networks). Our experimental findings are quite compelling: at a microscopic level it is easy to detect high quality communities. Leveraging on this fact we, then, develop new features for friend suggestion based on co-occurrences of two nodes in different ego-nets' communities. Our new features can be computed efficiently on very large scale graphs by just analyzing the neighborhood of each node. Furthermore, we prove formally on a stylized model, and by experimental analysis that this new similarity measure outperforms the classic local features employed for friend suggestions.},
  File                     = {:home/amaury/.local/share/data/Mendeley Ltd./Mendeley Desktop/Downloaded/Epasto et al. - 2015 - Ego-net Community Mining Applied to Friend Suggestion.pdf:pdf},
  ISSN                     = {2150-8097}
}

@Article{Evans2010b,
  Title                    = {{Clique graphs and overlapping communities}},
  Author                   = {Evans, T S},
  Journal                  = {Journal of Statistical Mechanics: Theory and Experiment},
  Year                     = {2010},
  Number                   = {12},
  Pages                    = {P12037},
  Volume                   = {2010},

  Abstract                 = {It is shown how to construct a clique graph in which properties of cliques of a fixed order in a given graph are represented by vertices in a weighted graph. Various definitions and motivations for these weights are given. The detection of communities or clusters is used to illustrate how a clique graph may be exploited. In particular a benchmark network is shown where clique graphs find the overlapping communities accurately while vertex partition methods fail.},
  Archiveprefix            = {arXiv},
  Arxivid                  = {1009.0638},
  Doi                      = {10.1088/1742-5468/2010/12/P12037},
  Eprint                   = {1009.0638},
  File                     = {:home/amaury/.local/share/data/Mendeley Ltd./Mendeley Desktop/Downloaded/Evans - Unknown - Clique Graphs and Overlapping Communities.pdf:pdf},
  ISBN                     = {1742-5468},
  ISSN                     = {1742-5468},
  Keywords                 = {american college football network,clique graphs and overlapping,cliques,clustering,communities,complex networks,graph theory,hypergraphs,journal of statistical mechanics,submitted to,zachary karate club graph},
  Url                      = {http://stacks.iop.org/1742-5468/2010/i=12/a=P12037}
}

@Article{Evans2010a,
  Title                    = {{Line graphs of weighted networks for overlapping communities}},
  Author                   = {Evans, T. S. and Lambiotte, R.},
  Journal                  = {European Physical Journal B},
  Year                     = {2010},
  Number                   = {2},
  Pages                    = {265--272},
  Volume                   = {77},

  Abstract                 = {In this paper, we develop the idea to partition the edges of a weighted graph in order to uncover overlapping communities of its nodes. Our approach is based on the construction of different types of weighted line graphs, i.e. graphs whose nodes are the links of the original graph, that encapsulate differently the relations between the edges. Weighted line graphs are argued to provide an alternative, valuable representation of the system's topology, and are shown to have important applications in community detection, as the usual node partition of a line graph naturally leads to an edge partition of the original graph. This identification allows us to use traditional partitioning methods in order to address the long-standing problem of the detection of overlapping communities. We apply it to the analysis of different social and geographical networks.},
  Archiveprefix            = {arXiv},
  Arxivid                  = {0912.4389},
  Doi                      = {10.1140/epjb/e2010-00261-8},
  Eprint                   = {0912.4389},
  File                     = {:home/amaury/.local/share/data/Mendeley Ltd./Mendeley Desktop/Downloaded/Evans, Lambiotte - 2010 - Line Graphs of Weighted Networks for Overlapping Communities.pdf:pdf},
  ISBN                     = {1434-6028},
  ISSN                     = {14346028},
  Keywords                 = {Edge partition,community detection,line graphs,overlapping communities,vertex cover}
}

%--------------------------------------------------------------------------------------------------------------------------------------------------------------------------------------
% FFF
%--------------------------------------------------------------------------------------------------------------------------------------------------------------------------------------

@Article{Farkas2007,
  Title                    = {{Weighted network modules}},
  Author                   = {Farkas, Ill{\'{e}}s J. and {\'{A}}bel, D{\'{a}}niel and Palla, Gergely and Vicsek, Tam{\'{a}}s},
  Journal                  = {New Journal of Physics},
  Year                     = {2007},
  Number                   = {9},
  Volume                   = {9},
  Archiveprefix            = {arXiv},
  Arxivid                  = {cond-mat/0703706},
  Doi                      = {10.1088/1367-2630/9/6/180},
  Eprint                   = {0703706},
  ISBN                     = {1367-2630},
  ISSN                     = {13672630},
  Pmid                     = {247952800015},
  Primaryclass             = {cond-mat},
  Url                      = {http://www.njp.org/}
}

@Article{Folino,
  Title                    = {{An Evolutionary Multiobjective Approach for Community Discovery in Dynamic Networks}},
  Author                   = {Folino, Francesco and Pizzuti, Clara},
  Keywords                 = {Index Terms—Evolutionary clustering,community discovery,complex networks,dynamic networks}
}

@article {Fortunato36,
	author = {Fortunato, Santo and Barth{\'e}lemy, Marc},
	title = {Resolution limit in community detection},
	volume = {104},
	number = {1},
	pages = {36--41},
	year = {2007},
	doi = {10.1073/pnas.0605965104},
	publisher = {National Academy of Sciences},
	journal = {Proceedings of the National Academy of Sciences}
}

%fortunato2010community,
@article{FORTUNATO201075,
title = "Community detection in graphs",
journal = "Physics Reports",
volume = "486",
number = "3",
pages = "75 - 174",
year = "2010",
issn = "0370-1573",
doi = "https://doi.org/10.1016/j.physrep.2009.11.002",
author = "Fortunato, S.",
keywords = "Graphs, Clusters, Statistical physics"
}

@article{Fortunato2016,
archivePrefix = {arXiv},
arxivId = {1608.00163},
author = {Fortunato, Santo and Hric, Darko},
doi = {10.1016/j.physrep.2016.09.002},
eprint = {1608.00163},
issn = {0370-1573},
mendeley-groups = {Disserta{\c{c}}{\~{a}}o/Avalia{\c{c}}{\~{a}}o de Comunidades},
pages = {1--42},
title = {{Community detection in networks: A user guide}},
url = {http://arxiv.org/abs/1608.00163{\%}0Ahttp://dx.doi.org/10.1016/j.physrep.2016.09.002},
year = {2016}
}

@masterthesis{Freitas2010,
author = {Freitas, L. Q.},
pages = {103},
title = {{Medidas de Centralidade em Grafos}},
school = {Universidade Federal do Rio de Janeiro, COPPE, Programa
de Engenharia de Produção},
year = {2010}
}

@article{Fu2008,
author = {Fu, Feng and Liu, Lianghuan and Wang, Long},
doi = {10.1016/j.physa.2007.10.006},
isbn = {0378-4371},
issn = {03784371},
journal = {Physica A: Statistical Mechanics and its Applications},
keywords = {(dis)Assortativity,Blogging networks,Social Networking Site,Social networks,Topological analysis},
number = {2-3},
pages = {675--684},
title = {{Empirical analysis of online social networks in the age of Web 2.0}},
volume = {387},
year = {2008}
}

%--------------------------------------------------------------------------------------------------------------------------------------------------------------------------------------
% GGG
%--------------------------------------------------------------------------------------------------------------------------------------------------------------------------------------
@article{GADEK2017584,
title = "Topical cohesion of communities on Twitter",
journal = "Procedia Computer Science",
volume = "112",
pages = "584 - 593",
year = "2017",
note = "Knowledge-Based and Intelligent Information \& Engineering Systems: Proceedings of the 21st International Conference, KES-20176-8 September 2017, Marseille, France",
issn = "1877-0509",
doi = "https://doi.org/10.1016/j.procs.2017.08.171",
url = "http://www.sciencedirect.com/science/article/pii/S1877050917315284",
author = "Guillaume Gadek and Alexandre Pauchet and Nicolas Malandain and Khaled Khelif and Laurent Vercouter and Stéphan Brunessaux",
keywords = "Online social network, community detection, measure of community topical cohesion"
}

@article{Gala2012,
author = {Gala, Massimiliano La and Passarella, Andrea and Conti, Marco},
doi = {10.1145/2392622.2392624},
file = {:home/amaury/Downloads/Related Works/Escolhidos/An{\'{a}}lise Estrutural de Redes-Ego/Ego-net Digger - a New Way to Study Ego Networks in
Online Social Networks.pdf:pdf},
isbn = {9781450315494},
journal = {Proceedings of the First ACM International Workshop on Hot Topics on Interdisciplinary Social Networks Research},
keywords = {ego networks,online social networks,tie strength},
pages = {9--16},
title = {{Ego-net Digger : a New Way to Study Ego Networks in Online Social Networks Categories and Subject Descriptors}},
year = {2012}
}


@Article{Gare2014,
  Title                    = {{A Review on Recommendations and Overlapping Communities for Location Based Social Networks}},
  Author                   = {Gare, Kavita G and Alone, Nilesh V},
  Year                     = {2014},
  Number                   = {6},
  Pages                    = {7257--7261},
  Volume                   = {5},
  Keywords                 = {location based social networks,overlapping}
}


@article{Garton1997,
author = {Garton, Laura and Haythornthwaite, Caroline and Wellman, Barry},
title = {Studying Online Social Networks},
journal = {Journal of Computer-Mediated Communication},
volume = {3},
number = {1},
pages = {JCMC313},
year = {1997},
doi = {10.1111/j.1083-6101.1997.tb00062.x},
URL = {http://dx.doi.org/10.1111/j.1083-6101.1997.tb00062.x},
eprint = {}
}


@article{Gilbert1959,
author = {Gilbert, E. N.},
doi = {10.1214/aoms/1177706098},
fjournal = {The Annals of Mathematical Statistics},
journal = {Ann. Math. Statist.},
month = {12},
number = {4},
pages = {1141--1144},
publisher = {The Institute of Mathematical Statistics},
title = {Random Graphs},
url = {https://doi.org/10.1214/aoms/1177706098},
volume = {30},
year = {1959}
}

@article {Girvan7821,
	author = {Girvan, M. and Newman, M. E. J.},
	title = {Community structure in social and biological networks},
	volume = {99},
	number = {12},
	pages = {7821--7826},
	year = {2002},
	doi = {10.1073/pnas.122653799},
	publisher = {National Academy of Sciences},
	issn = {0027-8424},
	URL = {http://www.pnas.org/content/99/12/7821},
	eprint = {http://www.pnas.org/content/99/12/7821.full.pdf},
	journal = {Proceedings of the National Academy of Sciences}
}


@Article{Girvan2003,
  Title                    = {{Finding and evaluating community structure in networks}},
  Author                   = {Girvan, M. and Newman, M. E. J},
  Journal                  = {Cond-Mat/0308217},
  Year                     = {2003},
  Archiveprefix            = {arXiv},
  Arxivid                  = {cond-mat/0308217},
  Doi                      = {10.1103/PhysRevE.69.026113},
  Eprint                   = {0308217},
  ISBN                     = {1539-3755 (Print)$\backslash$n1539-3755 (Linking)},
  ISSN                     = {1063651X},
  Pmid                     = {14995526},
  Primaryclass             = {cond-mat},
  Url                      = {http://arxiv.org/abs/cond-mat/0308217$\backslash$nhttp://www.arxiv.org/pdf/cond-mat/0308217.pdf}
}


@article{Grabowicz2012,
	archivePrefix = {arXiv},
	arxivId = {1107.4009},
	author = {Grabowicz, Przemyslaw A. and Ramasco, Jos{\'{e}} J. and Moro, Esteban and Pujol, Josep M. and Eguiluz, Victor M.},
	doi = {10.1371/journal.pone.0029358},
	eprint = {1107.4009},
	isbn = {1932-6203 (Electronic)$\backslash$n1932-6203 (Linking)},
	issn = {19326203},
	journal = {PLoS ONE},
	mendeley-groups = {Estudo Dirigido/by Interactions/Busca Inicial/Avaliar depois,Estudo Dirigido/by Interactions/Busca Inicial},
	number = {1},
	pages = {1--9},
	pmid = {22247773},
	title = {{Social features of online networks: The strength of intermediary ties in online social media}},
	volume = {7},
	year = {2012}
}

@article{Gregory2008,
	author = {Gregory, Steve},
	doi = {10.1007/978-3-540-87479-9_45},
	isbn = {354087478X},
	issn = {03029743},
	journal = {Lecture Notes in Computer Science (including subseries Lecture Notes in Artificial Intelligence and Lecture Notes in Bioinformatics)},
	number = {PART 1},
	pages = {408--423},
	title = {{A fast algorithm to find overlapping communities in networks}},
	volume = {5211 LNAI},
	year = {2008}
}

@ARTICLE{Gregory2010,
   author = {{Gregory}, S.},
    title = "{Finding overlapping communities in networks by label propagation}",
  journal = {New Journal of Physics},
archivePrefix = "arXiv",
   eprint = {0910.5516},
 primaryClass = "physics.soc-ph",
     year = 2010,
    month = oct,
   volume = 12,
   number = 10,
      eid = {103018},
    pages = {103018},
      doi = {10.1088/1367-2630/12/10/103018},
   adsurl = {http://adsabs.harvard.edu/abs/2010NJPh...12j3018G},
  adsnote = {Provided by the SAO/NASA Astrophysics Data System}
}


@article{Granovetter1973,
  added-at = {2007-08-29T12:15:20.000+0200},
  author = {Granovetter, M.S.},
  biburl = {https://www.bibsonomy.org/bibtex/287b8e44b533d475a1d8961eb400b40b4/mstrohm},
  interhash = {d6888418bbaa37f0f576b690504f96ba},
  intrahash = {87b8e44b533d475a1d8961eb400b40b4},
  journal = {The American Journal of Sociology},
  keywords = {INFLUENTIAL SNA graphs social-factors web-science},
  number = 6,
  pages = {1360--1380},
  publisher = {JSTOR},
  timestamp = {2007-10-26T22:32:04.000+0200},
  title = {{The Strength of Weak Ties}},
  volume = 78,
  year = 1973
}


@inproceedings{Guo:2013,
 author = {Guo, Jing and Zhang, Peng and Zhou, Chuan and Cao, Yanan and Guo, Li},
 title = {Personalized Influence Maximization on Social Networks},
 booktitle = {Proceedings of the 22Nd ACM International Conference on Information \& Knowledge Management},
 series = {CIKM '13},
 year = {2013},
 isbn = {978-1-4503-2263-8},
 location = {San Francisco, California, USA},
 pages = {199--208},
 numpages = {10},
 url = {http://doi.acm.org/10.1145/2505515.2505571},
 doi = {10.1145/2505515.2505571},
 acmid = {2505571},
 publisher = {ACM},
 address = {New York, NY, USA},
 keywords = {influence maximization, personalization, social networks},
}

@article{Gupta2015,
archivePrefix = {arXiv},
arxivId = {1411.6061},
author = {Gupta, Sidharth and Yan, Xiaoran and Lerman, Kristina},
doi = {10.1007/978-3-319-16268-3_6},
eprint = {1411.6061},
isbn = {9783319162676},
issn = {16113349},
journal = {Lecture Notes in Computer Science (including subseries Lecture Notes in Artificial Intelligence and Lecture Notes in Bioinformatics)},
pages = {55--64},
pmid = {4520227},
title = {{Structural properties of ego networks}},
volume = {9021},
year = {2015}
}

@Article{Guzzo2014,
  Title                    = {{Social Networks: Analysis and Case Studies}},
  Author                   = {Guzzo, Tiziana and Andrea, Alessia D and Ferri, Fernando and Grifoni, Patrizia},
  Journal                  = {Social Networks: Analysis and Case Studies},
  Year                     = {2014},
  Number                   = {June 2014},
  Pages                    = {233--248},
  Archiveprefix            = {arXiv},
  Arxivid                  = {1411.3935},
  Doi                      = {10.1007/978-3-7091-1797-2},
  Eprint                   = {1411.3935},
  ISBN                     = {978-3-7091-1796-5},
  ISSN                     = {3709117968},
  Url                      = {http://link.springer.com/10.1007/978-3-7091-1797-2}
}

%--------------------------------------------------------------------------------------------------------------------------------------------------------------------------------------
% HHH
%--------------------------------------------------------------------------------------------------------------------------------------------------------------------------------------
@inproceedings{Haddadi2010,
 author = {Cha, M. and Haddadi, H. and Benevenuto, F. and  Gummadi, K. P.},
 title = {Measuring user influence in Twitter: the million follower fallacy},
 booktitle = {Proceedings of the Fourth International AAAI Conference on Weblogs and Social Media},
 series = {ICWSM 2010},
 year = {2010},
 location = {Washington, D.C, USA},
 pages = {10–17},
 publisher = { AAAI Press},
 address = {Menlo Park, CA},
} 

@InProceedings{Hajibagheri2016,
author="Hajibagheri, Alireza
and Sukthankar, Gita
and Lakkaraju, Kiran",
editor="Spiro, Emma
and Ahn, Yong-Yeol",
title="A Holistic Approach for Link Prediction in Multiplex Networks",
booktitle="Social Informatics",
year="2016",
publisher="Springer International Publishing",
address="Cham",
pages="55--70",
isbn="978-3-319-47874-6"
}


@INPROCEEDINGS{Hakim2014, 
author={M. A. N. Hakim and M. L. Khodra}, 
booktitle={2014 International Conference on Data and Software Engineering (ICODSE)}, 
title={Predicting information cascade on Twitter using support vector regression}, 
year={2014}, 
volume={}, 
number={}, 
pages={1-6}, 
keywords={advertising;interactive systems;regression analysis;social networking (online);support vector machines;user interfaces;LR algorithm;MAE;SVR;Twitter;advertising;information cascade;linear regression;marketing campaign;mean absolute error;microblogging platforms;support vector regression;user interaction;Feature extraction;Linear regression;Prediction algorithms;Predictive models;Support vector machines;Time factors;Twitter;Cascades Prediction;Information Diffusion;Social Media}, 
doi={10.1109/ICODSE.2014.7062665}, 
ISSN={}, 
month={Nov},}

@inproceedings{Hong:2013,
 author = {Hong, Liangjie and Doumith, Aziz S. and Davison, Brian D.},
 title = {Co-factorization Machines: Modeling User Interests and Predicting Individual Decisions in Twitter},
 booktitle = {Proceedings of the Sixth ACM International Conference on Web Search and Data Mining},
 series = {WSDM '13},
 year = {2013},
 isbn = {978-1-4503-1869-3},
 location = {Rome, Italy},
 pages = {557--566},
 numpages = {10},
 url = {http://doi.acm.org/10.1145/2433396.2433467},
 doi = {10.1145/2433396.2433467},
 acmid = {2433467},
 publisher = {ACM},
 address = {New York, NY, USA},
 keywords = {collaborative filtering, latent factor models, recommender systems, twitter},
} 

@article{Hong2016,
title = "Structural properties of the Chinese air transportation multilayer network",
journal = "Chaos, Solitons \& Fractals",
volume = "86",
pages = "28 - 34",
year = "2016",
issn = "0960-0779",
doi = "https://doi.org/10.1016/j.chaos.2016.01.027",
url = "http://www.sciencedirect.com/science/article/pii/S0960077916300182",
author = "Chen Hong and Jun Zhang and Xian-Bin Cao and Wen-Bo Du",
keywords = "Multilayer network, Chinese air transportation network, Structural property, Complex network"
}

@article{HU2017,
title = "An empirical study on selectiviey of retweeting behaviors under multiple exposures in social networks",
journal = "Journal of Computational Science",
year = "2017",
issn = "1877-7503",
doi = "https://doi.org/10.1016/j.jocs.2017.11.004",
url = "http://www.sciencedirect.com/science/article/pii/S1877750317306439",
author = "Jingyuan Hu and Yingwei Luo and Jian Yu",
keywords = "Retweeting behavior, Multiple exposures, Social influence"
}

@article{Huang2014,
	author = {Huang, Hao and Gao, Yunjun and Chiew, Kevin and He, Qinming and Zheng, Baihua},
	doi = {10.1016/j.eswa.2014.04.001},
	file = {:home/amaury/Community Detection by Interactions/Unsupervised analysis of top-k core members in poly-relational - Trabalho Correlato.pdf:pdf},
	issn = {09574174},
	journal = {Expert Systems with Applications},
	keywords = {Importance weight,Poly-relational networks,Sequential quadratic programming,Top-k core members},
	mendeley-groups = {Estudo Dirigido/by Interactions/Busca Inicial/Avaliar depois,Estudo Dirigido/by Interactions/Busca Inicial},
	number = {13},
	pages = {5689--5701},
	publisher = {Elsevier Ltd},
	title = {{Unsupervised analysis of top-k core members in poly-relational networks}},
	url = {http://dx.doi.org/10.1016/j.eswa.2014.04.001},
	volume = {41},
	year = {2014}
}

@article{Humphries2010,
author={Humphries, M. D and Gurney, K.}, 
doi = {10.1371/journal.pone.0002051},
title={A Quantitative Method for Determining Canonical Network Equivalence},
editor={Sporns O},
journal={PLoS ONE},
year={2008},
volume={3},
number={4}
}

%--------------------------------------------------------------------------------------------------------------------------------------------------------------------------------------
% III
%--------------------------------------------------------------------------------------------------------------------------------------------------------------------------------------
@article{Injadat2016,
	author = {Injadat, Mohammadnoor and Salo, Fadi and Nassif, Ali Bou},
	doi = {10.1016/j.neucom.2016.06.045},
	file = {:media/amaury/Dados/Dropbox/Mestrado/Ci{\^{e}}ncia da Computa{\c{c}}{\~{a}}o - UFG - GYN/Disserta{\c{c}}{\~{a}}o/Referencias Bibliograficas/Sugestoes dos Orientadores/1-s2.0-S092523121630683X-main.pdf:pdf},
	issn = {09252312},
	journal = {Neurocomputing},
	keywords = {Data Mining,Social Media,Social Media Networks Analysis,Survey},
	mendeley-groups = {Estudo Dirigido/by Interactions/Sugest. Orientadores},
	number = {I},
	pages = {1--17},
	publisher = {Elsevier},
	title = {{Data Mining Techniques in Social Media: A Survey Data Mining Techniques in Social Media: A Survey}},
	url = {http://dx.doi.org/10.1016/j.neucom.2016.06.045{\%}5Cnwww.elsevier.com/locate/neucom},
	volume = {214},
	year = {2016}
}
%--------------------------------------------------------------------------------------------------------------------------------------------------------------------------------------
% JJJ
%--------------------------------------------------------------------------------------------------------------------------------------------------------------------------------------

@Article{Jalili2013,
  Title                    = {{Enhanced overlapping community detection in social networks using wise initialization}},
  Author                   = {Jalili, Sajjad and Hamzeh, Ali},
  Journal                  = {The 5th Conference on Information and Knowledge Technology},
  Year                     = {2013},
  Pages                    = {463--466},

  Doi                      = {10.1109/IKT.2013.6620112},
  File                     = {:home/amaury/.local/share/data/Mendeley Ltd./Mendeley Desktop/Downloaded/Jalili, Hamzeh - 2013 - Enhanced overlapping community detection in social networks using wise initialization.pdf:pdf},
  ISBN                     = {978-1-4673-6490-4},
  Keywords                 = {-social network,overlapping community detection},
  Url                      = {http://ieeexplore.ieee.org/lpdocs/epic03/wrapper.htm?arnumber=6620112}
}

@inproceedings{Java:2007,
 author = {Java, Akshay and Song, Xiaodan and Finin, Tim and Tseng, Belle},
 title = {Why We Twitter: Understanding Microblogging Usage and Communities},
 booktitle = {Proceedings of the 9th WebKDD and 1st SNA-KDD 2007 Workshop on Web Mining and Social Network Analysis},
 series = {WebKDD/SNA-KDD '07},
 year = {2007},
 isbn = {978-1-59593-848-0},
 location = {San Jose, California},
 pages = {56--65},
 numpages = {10},
 url = {http://doi.acm.org/10.1145/1348549.1348556},
 doi = {10.1145/1348549.1348556},
 acmid = {1348556},
 publisher = {ACM},
 address = {New York, NY, USA},
 keywords = {microblogging, social media, social network analysis, user intent},
} 

@inproceedings{Jiang:2016,
 author = {Jiang, Bo and Liang, Jiguang and Sha, Ying and Li, Rui and Liu, Wei and Ma, Hongyuan and Wang, Lihong},
 title = {Retweeting Behavior Prediction Based on One-Class Collaborative Filtering in Social Networks},
 booktitle = {Proceedings of the 39th International ACM SIGIR Conference on Research and Development in Information Retrieval},
 series = {SIGIR '16},
 year = {2016},
 isbn = {978-1-4503-4069-4},
 location = {Pisa, Italy},
 pages = {977--980},
 numpages = {4},
 url = {http://doi.acm.org/10.1145/2911451.2914713},
 doi = {10.1145/2911451.2914713},
 acmid = {2914713},
 publisher = {ACM},
 address = {New York, NY, USA}
} 

@Article{Jin2015,
  Title                    = {{Detect Overlapping Communities via Ranking Node Popularities}},
  Author                   = {Jin, Di and Wang, Hongcui and Dang, Jianwu and He, Dongxiao and Zhang, Weixiong},
  Year                     = {2015},
  Keywords                 = {Complex Network, Community Structure, Overlapping}
}

%--------------------------------------------------------------------------------------------------------------------------------------------------------------------------------------
% KKK
%--------------------------------------------------------------------------------------------------------------------------------------------------------------------------------------

@InProceedings{Kim2014,
  Title                    = {{A detection of overlapping community in mobile social network}},
  Author                   = {Kim, Paul and Kim, Sangwook},
  Booktitle                = {Proceedings of the 29th Annual ACM Symposium on Applied Computing - SAC '14},
  Year                     = {2014},
  Address                  = {New York, New York, USA},
  Pages                    = {175--179},
  Publisher                = {ACM Press},
  Doi                      = {10.1145/2554850.2554999},
  ISBN                     = {9781450324694},
  Keywords                 = {community,community detection,link clustering,mobile social network,overlapping community},
  Url                      = {http://dl.acm.org/citation.cfm?doid=2554850.2554999}
}

@article{kivel2013,
author = {Kivelä, Mikko and Arenas, Alex and Barthelemy, Marc and Gleeson, James P. and Moreno, Yamir and Porter, Mason A.},
title = {Multilayer networks},
journal = {Journal of Complex Networks},
volume = {2},
number = {3},
pages = {203-271},
year = {2014},
doi = {10.1093/comnet/cnu016},
URL = {http://dx.doi.org/10.1093/comnet/cnu016},
eprint = {/oup/backfile/content_public/journal/comnet/2/3/10.1093_comnet_cnu016/2/cnu016.pdf}
}

@ARTICLE{Kleineberg2016,
   author = {{Kleineberg}, K.-K. and {Bogu{\~n}{\'a}}, M. and {{\'A}ngeles Serrano}, M. and 
	{Papadopoulos}, F.},
    title = "{Hidden geometric correlations in real multiplex networks}",
  journal = {Nature Physics},
archivePrefix = "arXiv",
   eprint = {1601.04071},
 primaryClass = "physics.soc-ph",
     year = 2016,
    month = nov,
   volume = 12,
    pages = {1076-1081},
      doi = {10.1038/nphys3812},
   adsurl = {http://adsabs.harvard.edu/abs/2016NatPh..12.1076K},
  adsnote = {Provided by the SAO/NASA Astrophysics Data System}
}

@Inbook{Kumar2010,
author="Kumar, Ravi
and Novak, Jasmine
and Tomkins, Andrew",
editor="Yu, Philip S.
and Han, Jiawei
and Faloutsos, Christos",
title="Structure and Evolution of Online Social Networks",
bookTitle="Link Mining: Models, Algorithms, and Applications",
year="2010",
publisher="Springer New York",
address="New York, NY",
pages="337--357",
isbn="978-1-4419-6515-8",
doi="10.1007/978-1-4419-6515-8_13",
url="https://doi.org/10.1007/978-1-4419-6515-8_13"
}

@inproceedings{Kwak:2010,
 author = {Kwak, Haewoon and Lee, Changhyun and Park, Hosung and Moon, Sue},
 title = {What is Twitter, a Social Network or a News Media?},
 booktitle = {Proceedings of the 19th International Conference on World Wide Web},
 series = {WWW '10},
 year = {2010},
 isbn = {978-1-60558-799-8},
 location = {Raleigh, North Carolina, USA},
 pages = {591--600},
 numpages = {10},
 url = {http://doi.acm.org/10.1145/1772690.1772751},
 doi = {10.1145/1772690.1772751},
 acmid = {1772751},
 publisher = {ACM},
 address = {New York, NY, USA},
 keywords = {Twitter, degree of separation, homophily, influential, information diffusion, online social network, pagerank, reciprocity, retweet},
}

@inproceedings{Kuncheva2015,
 author = {Kuncheva, Zhana and Montana, Giovanni},
 title = {Community Detection in Multiplex Networks Using Locally Adaptive Random Walks},
 booktitle = {Proceedings of the 2015 IEEE/ACM International Conference on Advances in Social Networks Analysis and Mining 2015},
 series = {ASONAM '15},
 year = {2015},
 isbn = {978-1-4503-3854-7},
 location = {Paris, France},
 pages = {1308--1315},
 numpages = {8},
 url = {http://doi.acm.org/10.1145/2808797.2808852},
 doi = {10.1145/2808797.2808852},
 acmid = {2808852},
 publisher = {ACM},
 address = {New York, NY, USA},
}

@article{Kuzmin2015,
author = {Kuzmin, Konstantin and Chen, Mingming and Szymanski, Boleslaw K.},
doi = {10.1155/2015/461362},
issn = {10589244},
journal = {Scientific Programming},
mendeley-groups = {Estudo Dirigido/Detec{\c{c}}{\~{a}}o de Comunidades em Redes Sociais,Disserta{\c{c}}{\~{a}}o/SLPA,Disserta{\c{c}}{\~{a}}o/Avalia{\c{c}}{\~{a}}o de Comunidades},
title = {{Parallelizing slpa for scalable overlapping community detection}},
volume = {2015},
year = {2015}
}

@Article{Kumpula2008,
  Title                    = {{Sequential algorithm for fast clique percolation}},
  Author                   = {Kumpula, Jussi M and Kivel{\"{a}}, Mikko and Kaski, Kimmo and Saram{\"{a}}ki, Jari},
  Journal                  = {Physical Review E},
  Year                     = {2008},
  Number                   = {2},
  Pages                    = {026109},
  Volume                   = {78},
  Archiveprefix            = {arXiv},
  Arxivid                  = {0805.1449},
  Doi                      = {10.1103/PhysRevE.78.026109},
  Eprint                   = {0805.1449},
  ISBN                     = {1539-3755 (Print)$\backslash$n1539-3755 (Linking)},
  ISSN                     = {1539-3755},
  Keywords                 = {89 75 - k,89 75 Fb,89 75 Hc,PACS numbers},
  Pmid                     = {18850899},
  Url                      = {http://link.aps.org/doi/10.1103/PhysRevE.78.026109}
}

%--------------------------------------------------------------------------------------------------------------------------------------------------------------------------------------
% LLL
%--------------------------------------------------------------------------------------------------------------------------------------------------------------------------------------
@article{Labatut2013,
author = {Labatut, V},
journal = {CoRR},
keywords = {adjusted rand index,cluster analysis,community detection,complex networks,evaluation measure,normalized mutual,purity},
mendeley-groups = {Disserta{\c{c}}{\~{a}}o/Avalia{\c{c}}{\~{a}}o de Comunidades},
pages = {44},
title = {{Generalized Measures for the Evaluation of Community Detection Methods}},
url = {http://arxiv.org/abs/1303.5441},
volume = {abs/1303.5},
year = {2013}
}

@inproceedings{Lancichinetti2009a,
 author = {Fortunato, Santo and Lancichinetti, Andrea},
 title = {Community Detection Algorithms: A Comparative Analysis: Invited Presentation, Extended Abstract},
 booktitle = {Proceedings of the Fourth International ICST Conference on Performance Evaluation Methodologies and Tools},
 series = {VALUETOOLS '09},
 year = {2009},
 isbn = {978-963-9799-70-7},
 location = {Pisa, Italy},
 pages = {27:1--27:2},
 articleno = {27},
 numpages = {2},
 url = {http://dl.acm.org/citation.cfm?id=1698822.1698858},
 acmid = {1698858},
 publisher = {ICST (Institute for Computer Sciences, Social-Informatics and Telecommunications Engineering)},
 address = {ICST, Brussels, Belgium, Belgium},
 keywords = {community structure, networks},
} 

@ARTICLE{Lancichinetti2009b,
   author = {{Lancichinetti}, A. and {Fortunato}, S. and {Kertesz}, J.},
    title = "{Detecting the overlapping and hierarchical community structure of complex networks}",
  journal = {ArXiv e-prints},
archivePrefix = "arXiv",
   eprint = {0802.1218},
 primaryClass = "physics.soc-ph",
 keywords = {Physics - Physics and Society, Condensed Matter - Statistical Mechanics, Physics - Computational Physics, Statistics - Computation},
     year = 2008,
    month = feb,
   adsurl = {http://adsabs.harvard.edu/abs/2008arXiv0802.1218L},
  adsnote = {Provided by the SAO/NASA Astrophysics Data System}
}

@ARTICLE{Lancichinetti2011,
   author = {{Lancichinetti}, A. and {Radicchi}, F. and {Ramasco}, J.~J. and 
	{Fortunato}, S.},
    title = "{Finding Statistically Significant Communities in Networks}",
  journal = {PLoS ONE},
archivePrefix = "arXiv",
   eprint = {1012.2363},
 primaryClass = "physics.soc-ph",
     year = 2011,
    month = apr,
   volume = 6,
    pages = {e18961},
      doi = {10.1371/journal.pone.0018961},
   adsurl = {http://adsabs.harvard.edu/abs/2011PLoSO...618961L},
  adsnote = {Provided by the SAO/NASA Astrophysics Data System}
}

@Article{Lerman2016,
AUTHOR = {Lerman, Kristina},
TITLE = {Information Is Not a Virus, and Other Consequences of Human Cognitive Limits},
JOURNAL = {Future Internet},
VOLUME = {8},
YEAR = {2016},
NUMBER = {2},
URL = {http://www.mdpi.com/1999-5903/8/2/21},
ISSN = {1999-5903},
DOI = {10.3390/fi8020021}
}

@Article{Leskovec2008,
  Title                    = {{Statistical properties of community structure in large social and information networks}},
  Author                   = {Leskovec, Jure and Lang, Kevin J and Dasgupta, Anirban and Mahoney, Michael W},
  Journal                  = {Proceeding of the 17th international conference on World Wide Web - WWW '08},
  Year                     = {2008},
  Pages                    = {695},
  Archiveprefix            = {arXiv},
  Arxivid                  = {arXiv:0810.1355v1},
  Doi                      = {10.1145/1367497.1367591},
  Eprint                   = {arXiv:0810.1355v1},
  ISBN                     = {9781605580852},
  ISSN                     = {9781605580852},
  Keywords                 = {commu-,conductance,graph partitioning,nity structure,random walks,social networks},
  Url                      = {http://dl.acm.org/citation.cfm?id=1367591$\backslash$nhttp://portal.acm.org/citation.cfm?doid=1367497.1367591}
}

@inproceedings{Leskovec2012,
 author = {McAuley, Julian and Leskovec, Jure},
 title = {Learning to Discover Social Circles in Ego Networks},
 booktitle = {Proceedings of the 25th International Conference on Neural Information Processing Systems - Volume 1},
 series = {NIPS'12},
 year = {2012},
 location = {Lake Tahoe, Nevada},
 pages = {539--547},
 numpages = {9},
 url = {http://dl.acm.org/citation.cfm?id=2999134.2999195},
 acmid = {2999195},
 publisher = {Curran Associates Inc.},
 address = {USA},
}

@article{leskovec2016snap,
  title={SNAP: A General-Purpose Network Analysis and Graph-Mining Library},
  author={Leskovec, Jure and Sosi{\v{c}}, Rok},
  journal={ACM Transactions on Intelligent Systems and Technology (TIST)},
  volume={8},
  number={1},
  pages={1},
  year={2016},
  publisher={ACM}
}

@Article{Li2016,
  Title                    = {{A novel multiobjective particle swarm optimization algorithm for signed network community detection}},
  Author                   = {Li, Zhaoxing and He, Lile and Li, Yunrui},
  Journal                  = {Applied Intelligence},
  Year                     = {2016},
  Number                   = {3},
  Pages                    = {621--633},
  Volume                   = {44},
  Doi                      = {10.1007/s10489-015-0716-4},
  ISSN                     = {15737497},
  Keywords                 = {Community detection,Multiobjective optimization,Particle swarm optimization,Signed network}
}

@Article{Lim2012,
  Title                    = {{Tweets beget propinquity: Detecting highly interactive communities on Twitter using tweeting links}},
  Author                   = {Lim, Kwan Hui and Datta, Amitava},
  Journal                  = {Proceedings - 2012 IEEE/WIC/ACM International Conference on Web Intelligence, WI 2012},
  Year                     = {2012},
  Pages                    = {214--221},
  Doi                      = {10.1109/WI-IAT.2012.53},
  File                     = {:home/amaury/.local/share/data/Mendeley Ltd./Mendeley Desktop/Downloaded/Lim, Datta - 2012 - Tweets beget propinquity Detecting highly interactive communities on Twitter using tweeting links(2).pdf:pdf},
  ISBN                     = {9780769548807},
  ISSN                     = {24056464},
  Keywords                 = {Community Detection,Social Networks,Twitter}
}

@inproceedings{Lim2012a,
 author = {Lim, Kwan Hui and Datta, Amitava},
 title = {Following the Follower: Detecting Communities with Common Interests on Twitter},
 booktitle = {Proceedings of the 23rd ACM Conference on Hypertext and Social Media},
 series = {HT '12},
 year = {2012},
 isbn = {978-1-4503-1335-3},
 location = {Milwaukee, Wisconsin, USA},
 pages = {317--318},
 numpages = {2},
 url = {http://doi-acm-org.ez49.periodicos.capes.gov.br/10.1145/2309996.2310052},
 doi = {10.1145/2309996.2310052},
 acmid = {2310052},
 publisher = {ACM},
 address = {New York, NY, USA},
 keywords = {community detection, graph mining, social networks, twitter},
} 

@InProceedings{Lin2013,
  Title                    = {{A genetic algorithm approach for detecting hierarchical and overlapping community structure in dynamic social networks}},
  Author                   = {Lin, Chun Cheng and Liu, Wan Yu and Deng, Der Jiunn},
  Booktitle                = {2013 IEEE Wireless Communications and Networking Conference (WCNC)},
  Year                     = {2013},
  Month                    = {apr},
  Pages                    = {4469--4474},
  Publisher                = {IEEE},
  Doi                      = {10.1109/WCNC.2013.6555298},
  ISBN                     = {978-1-4673-5939-9},
  ISSN                     = {15253511},
  Keywords                 = {Biological cells,Communities,Educational institutions,Genetic algorithms,Image edge detection,Linear programming,Social network services,community partition,computer systems,dynamic social network,dynamic social networks,genetic algorithm,genetic algorithm approach,genetic algorithms,granularity level,hierarchical community structure detection,hierarchical community structures,multi-objective community detection,overlapping community structure detection,overlapping community structures,social sciences},
  Url                      = {http://www.scopus.com/inward/record.url?eid=2-s2.0-84881572355{\&}partnerID=tZOtx3y1}
}

@article{Lim2016,
author = {Lim, Kwan Hui and Datta, Amitava},
doi = {10.3233/WEB-160328},
issn = {24056464},
journal = {Web Intelligence},
keywords = {Twitter,common interests,community detection,interaction links,like-minded communities,social network analysis,tweets},
mendeley-groups = {Disserta{\c{c}}{\~{a}}o/Co-Workers},
number = {1},
pages = {1--15},
title = {{An interaction-based approach to detecting highly interactive Twitter communities using tweeting links}},
volume = {14},
year = {2016}
}

@InCollection{Liu2015,
  Title                    = {{A novel algorithm for finding overlapping communities in networks based on label propagation}},
  Author                   = {Liu, Bingyu and Wang, Cuirong and Wang, Cong and Wang, Yiran},
  Booktitle                = {Lecture Notes in Computer Science (including subseries Lecture Notes in Artificial Intelligence and Lecture Notes in Bioinformatics)},
  Publisher                = {Springer International Publishing},
  Year                     = {2015},
  Pages                    = {325--332},
  Volume                   = {9141},
  Doi                      = {10.1007/978-3-319-20472-7_35},
  File                     = {:home/amaury/.local/share/data/Mendeley Ltd./Mendeley Desktop/Downloaded/Liu et al. - 2015 - A Novel Algorithm for Finding Overlapping Communities in Networks Based on Label Propagation.pdf:pdf},
  ISBN                     = {9783319204710},
  ISSN                     = {16113349},
  Keywords                 = {Community discovery,Complex networks,Label propagation,Overlapping community},
  Url                      = {http://link.springer.com/10.1007/978-3-319-20472-7{\_}35}
}

@Article{Liu2013,
  Title                    = {{Characterizing and Modeling Social Networks with Overlapping Communities}},
  Author                   = {Liu, Dajie and Blenn, Norbert and Mieghem, Piet Van},
  Journal                  = {International Journal of Web Based Communities},
  Year                     = {2013},
  Number                   = {3},
  Pages                    = {371391},
  Volume                   = {9},
  Keywords                 = {and van mieghem,blenn,characterizing and modeling social,d,eigenvalue,follows,graph spectra,growing hypergraph,line graph,liu,n,overlapping community structure,p,preferential attachment,reference to this paper,should be made as,xxxx}
}

@Article{Liu2016a,
  Title                    = {{Estimating the optimal number of communities by cluster analysis}},
  Author                   = {Liu, Dong and Wang, Chuan and Jing, Yun},
  Journal                  = {International Journal of Modern Physics B},
  Year                     = {2016},
  Number                   = {810},
  Volume                   = {30},
  Doi                      = {10.1142/S0217979216500375},
  File                     = {:home/amaury/.local/share/data/Mendeley Ltd./Mendeley Desktop/Downloaded/Liu, Wang, Jing - 2016 - Estimating the optimal number of communities by cluster analysis.pdf:pdf},
  ISSN                     = {0217-9792},
  Keywords                 = {8975Fb,Community,complex network PACS number,optimal number}
}

@Article{Liu2016b,
  Title                    = {{MIRACLE: A multiple independent random walks community parallel detection algorithm for big graphs}},
  Author                   = {Liu, Xiaoming and Zhou, Yadong and Hu, Chengchen and Guan, Xiaohong},
  Journal                  = {Journal of Network and Computer Applications},
  Year                     = {2016},
  Pages                    = {--},
  Doi                      = {http://dx.doi.org/10.1016/j.jnca.2016.05.008},
  File                     = {:home/amaury/.local/share/data/Mendeley Ltd./Mendeley Desktop/Downloaded/Liu et al. - 2016 - MIRACLE A multiple independent random walks community parallel detection algorithm for big graphs.pdf:pdf},
  ISSN                     = {1084-8045},
  Keywords                 = {Community detection,Complex networks,Parallel computing,Random walking,Social networks},
  Url                      = {http://www.sciencedirect.com/science/article/pii/S1084804516300947}
}

@article{Lu2017,
archivePrefix = {arXiv},
arxivId = {arXiv:1705.04863v1},
author = {Lu, Xiaoyan and Kuzmin, Konstantin and Chen, Mingming and Szymanski, Boleslaw K},
doi = {https://doi.org/10.1016/j.ins.2017.09.063},
eprint = {arXiv:1705.04863v1},
file = {:media/amaury/Dados/Dropbox/Mestrado/Ci{\^{e}}ncia da Computa{\c{c}}{\~{a}}o - UFG - GYN/Disserta{\c{c}}{\~{a}}o/Referencias Bibliogr{\'{a}}ficas/Avalica{\c{c}}{\~{a}}o de Comunidades/1705.04863.pdf:pdf},
issn = {0020-0255},
journal = {arXiv preprint arXiv:1705.04863},
keywords = {community detection,modularity optimization,regularization * Corresponding author,scalability},
mendeley-groups = {Disserta{\c{c}}{\~{a}}o/Avalia{\c{c}}{\~{a}}o de Comunidades},
title = {{Adaptive Modularity Maximization via Edge Weighting Scheme}},
url = {https://arxiv.org/pdf/1705.04863.pdf},
year = {2017}
}

%--------------------------------------------------------------------------------------------------------------------------------------------------------------------------------------
% MMM
%--------------------------------------------------------------------------------------------------------------------------------------------------------------------------------------

@Article{Ma2016,
  Title                    = {{LED: A fast overlapping communities detection algorithm based on structural clustering}},
  Author                   = {Ma, Tinghuai and Wang, Yao and Tang, Meili and Cao, Jie and Tian, Yuan and Al-Dhelaan, Abdullah and Al-Rodhaan, Mznah},
  Year                     = {2016},
  Doi                      = {10.1016/j.neucom.2016.05.020},
  File                     = {:home/amaury/.local/share/data/Mendeley Ltd./Mendeley Desktop/Downloaded/Ma et al. - 2016 - LED A fast overlapping communities detection algorithm based on structural clustering.pdf:pdf},
  ISSN                     = {09252312},
  Keywords                 = {C-DBLP,Overlapping communities,Structural similarity}
}

@article{Mao2013,
author = {Mao, Guoyong and Zhang, Ning},
doi = {10.1155/2013/865643},
issn = {1110757X},
journal = {Journal of Applied Mathematics},
mendeley-groups = {Disserta{\c{c}}{\~{a}}o/Metricas e Propriedade das Redes},
title = {{Analysis of average shortest-path length of scale-free network}},
volume = {2013},
year = {2013}
}

@inproceedings{McAuley:2012,
 author = {McAuley, Julian and Leskovec, Jure},
 title = {Learning to Discover Social Circles in Ego Networks},
 booktitle = {Proceedings of the 25th International Conference on Neural Information Processing Systems - Volume 1},
 series = {NIPS'12},
 year = {2012},
 location = {Lake Tahoe, Nevada},
 pages = {539--547},
 numpages = {9},
 url = {http://dl.acm.org/citation.cfm?id=2999134.2999195},
 acmid = {2999195},
 publisher = {Curran Associates Inc.},
 address = {USA},
} 

@InProceedings{Meena2015,
  Title                    = {{Overlapping Community Detection in Social Network Using Disjoint Community Detection}},
  Author                   = {Meena, Jaswant and Devi, V. Susheela},
  Booktitle                = {2015 IEEE Symposium Series on Computational Intelligence},
  Year                     = {2015},
  Month                    = {dec},
  Pages                    = {764--771},
  Publisher                = {IEEE},
  Doi                      = {10.1109/SSCI.2015.114},
  ISBN                     = {978-1-4799-7560-0},
  Keywords                 = {Genetics,Image edge detection,Indexes,Linear programming,Social network services,Sociology,Statistics},
  Url                      = {http://ieeexplore.ieee.org/lpdocs/epic03/wrapper.htm?arnumber=7376689}
}

@inproceedings{Mert2016,
title = "Community detection in political Twitter networks using Nonnegative Matrix Factorization methods",
author = "Ozer, M. and Kin, N.  and  Davulcu, H.",
year = "2016",
month = "11",
day = "21",
doi = "10.1109/ASONAM.2016.7752217",
language = "English (US)",
pages = "81--88",
booktitle = "Proceedings of the 2016 IEEE/ACM International Conference on Advances in Social Networks Analysis and Mining, ASONAM 2016",
publisher = "Institute of Electrical and Electronics Engineers Inc.",
address = "United States",
}




@inproceedings{Mislove2007,
 author = {Mislove, Alan and Marcon, Massimiliano and Gummadi, Krishna P. and Druschel, Peter and Bhattacharjee, Bobby},
 title = {Measurement and Analysis of Online Social Networks},
 booktitle = {Proceedings of the 7th ACM SIGCOMM Conference on Internet Measurement},
 series = {IMC '07},
 year = {2007},
 isbn = {978-1-59593-908-1},
 location = {San Diego, California, USA},
 pages = {29--42},
 numpages = {14},
 url = {http://doi.acm.org/10.1145/1298306.1298311},
 doi = {10.1145/1298306.1298311},
 acmid = {1298311},
 publisher = {ACM},
 address = {New York, NY, USA},
 keywords = {analysis, measurement, social networks},
}

@Article{Miyauchi2016,
  Title                    = {{Z-score-based modularity for community detection in networks}},
  Author                   = {Miyauchi, Atsushi and Kawase, Yasushi},
  Journal                  = {PLoS ONE},
  Year                     = {2016},
  Number                   = {1},
  Pages                    = {1--18},
  Volume                   = {11},
  Archiveprefix            = {arXiv},
  Arxivid                  = {arXiv:1501.01909v1},
  Doi                      = {10.1371/journal.pone.0147805},
  Eprint                   = {arXiv:1501.01909v1},
  ISSN                     = {19326203}
}

@article{Modani2014,
	author = {Modani, Natwar and Nagar, Seema and Shannigrahi, Saswata and Gupta, Ritesh and Dey, Kuntal and Goyal, Saurabh and Nanavati, Amit A.},
	doi = {10.1007/s11280-013-0261-1},
	file = {:home/amaury/Community Detection by Interactions/2016-11-18/art{\%}3A10.1007{\%}2Fs11280-013-0261-1.pdf:pdf},
	isbn = {9783642350627},
	issn = {1386145X},
	journal = {World Wide Web},
	keywords = {Community finding,Social network analysis},
	mendeley-groups = {Estudo Dirigido/by Interactions/Busca Inicial},
	number = {5},
	pages = {899--919},
	title = {{Like-minded communities: bringing the familiarity and similarity together}},
	volume = {17},
	year = {2014}
}

@ARTICLE{Motter2012,
   author = {{Motter}, A.~E. and {Albert}, R.},
    title = "{Networks in motion}",
  journal = {Physics Today},
archivePrefix = "arXiv",
   eprint = {1206.2369},
 primaryClass = "physics.soc-ph",
     year = 2012,
   volume = 65,
   number = 4,
    pages = {43},
      doi = {10.1063/PT.3.1518},
   adsurl = {http://adsabs.harvard.edu/abs/2012PhT....65d..43M},
  adsnote = {Provided by the SAO/NASA Astrophysics Data System}
}

@inproceedings{Moustafa:2012,
 author = {Moustafa, Walaa Eldin and Deshpande, Amol and Getoor, Lise},
 title = {Ego-centric Graph Pattern Census},
 booktitle = {Proceedings of the 2012 IEEE 28th International Conference on Data Engineering},
 series = {ICDE '12},
 year = {2012},
 isbn = {978-0-7695-4747-3},
 pages = {234--245},
 numpages = {12},
 url = {http://dx.doi.org/10.1109/ICDE.2012.113},
 doi = {10.1109/ICDE.2012.113},
 acmid = {2310312},
 publisher = {IEEE Computer Society},
 address = {Washington, DC, USA},
} 

@article{Muhammad2015,
archivePrefix = {arXiv},
arxivId = {1503.04877v1},
author = {Muhammad, S.a. and {Van Laerhoven}, K.},
eprint = {1503.04877v1},
isbn = {9781577357339},
journal = {Proceedings of the 9th International Conference on Web and Social Media, ICWSM 2015},
keywords = {Full Papers},
pages = {268--277},
title = {{DUKE: A solution for discovering neighborhood patterns in ego networks}},
year = {2015}
}

%--------------------------------------------------------------------------------------------------------------------------------------------------------------------------------------
% NNN
%--------------------------------------------------------------------------------------------------------------------------------------------------------------------------------------

@Article{Nepusz2008,
  Title                    = {{Fuzzy communities and the concept of bridgeness in complex networks}},
  Author                   = {Nepusz, Tam{\'{a}}s and Petr{\'{o}}czi, Andrea and N{\'{e}}gyessy, L{\'{a}}szl{\'{o}} and Bazs{\'{o}}, F{\"{u}}l{\"{o}}p},
  Journal                  = {Physical Review E - Statistical, Nonlinear, and Soft Matter Physics},
  Year                     = {2008},
  Number                   = {1},
  Volume                   = {77},
  Archiveprefix            = {arXiv},
  Arxivid                  = {0707.1646},
  Doi                      = {10.1103/PhysRevE.77.016107},
  Eprint                   = {0707.1646},
  File                     = {:home/amaury/.local/share/data/Mendeley Ltd./Mendeley Desktop/Downloaded/Nepusz et al. - Unknown - Fuzzy communities and the concept of bridgeness in complex networks.pdf:pdf},
  ISBN                     = {1539-3755},
  ISSN                     = {15393755},
  Pmid                     = {18351915}
}

@article{Newman2003,
author = {Newman, M. E. J. },
title = {The Structure and Function of Complex Networks},
journal = {SIAM Review},
volume = {45},
number = {2},
pages = {167-256},
year = {2003},
doi = {10.1137/S003614450342480}
}

@Article{Newman2004a,
  Title                    = {{Fast algorithm for detecting community structure in networks}},
  Author                   = {Newman, M. E J},
  Journal                  = {Physical Review E - Statistical, Nonlinear, and Soft Matter Physics},
  Year                     = {2004},
  Number                   = {6 2},
  Volume                   = {69},
  Archiveprefix            = {arXiv},
  Arxivid                  = {arXiv:cond-mat/0309508v1},
  Doi                      = {10.1103/PhysRevE.69.066133},
  Eprint                   = {0309508v1},
  ISBN                     = {1539-3755 (Print)$\backslash$n1539-3755 (Linking)},
  ISSN                     = {15393755},
  Pmid                     = {15244693},
  Primaryclass             = {arXiv:cond-mat}
}

%PhysRevE.69.026113,
@Article{Newman2004b,
  added-at = {2012-10-16T17:39:35.000+0200},
  author = {Newman, M. E. J. and Girvan, M.},
  biburl = {https://www.bibsonomy.org/bibtex/21dbc30a1818aa74973f387162e485443/kibanov},
  description = {Phys. Rev. E 69, 026113 (2004): Finding and evaluating community structure in networks},
  doi = {10.1103/PhysRevE.69.026113},
  journal = {Physics  Review E},
  month = {feb},
  number = {2},
  numpages = {15},
  pages = {026113},
  publisher = {American Physical Society},
  title = {Finding and evaluating community structure in networks},
  url = {http://link.aps.org/doi/10.1103/PhysRevE.69.026113},
  volume = {69},
  year = {2004}
}

@article {Newman8577,
	author = {Newman, M. E. J.},
	title = {Modularity and community structure in networks},
	volume = {103},
	number = {23},
	pages = {8577--8582},
	year = {2006},
	doi = {10.1073/pnas.0601602103},
	publisher = {National Academy of Sciences},
	issn = {0027-8424},
	journal = {Proceedings of the National Academy of Sciences}
}

@book{Newman:2010,
 author = {Newman, Mark},
 title = {Networks: An Introduction},
 year = {2010},
 isbn = {0199206651, 9780199206650},
 publisher = {Oxford University Press, Inc.},
 address = {New York, NY, USA}
} 

@article{Newman2015,
archivePrefix = {arXiv},
arxivId = {1507.04001},
author = {Newman, M. E. J. and Clauset, Aaron},
doi = {10.1038/ncomms11863},
eprint = {1507.04001},
isbn = {2041-1723 (Electronic)$\backslash$r2041-1723 (Linking)},
issn = {2041-1723},
journal = {Nature Communications},
mendeley-groups = {Disserta{\c{c}}{\~{a}}o/Avalia{\c{c}}{\~{a}}o de Comunidades},
number = {May},
pages = {1--11},
pmid = {27306566},
publisher = {Nature Publishing Group},
title = {{Structure and inference in annotated networks}},
url = {http://arxiv.org/abs/1507.04001{\%}0Ahttp://dx.doi.org/10.1038/ncomms11863},
volume = {7},
year = {2015}
}

@Article{Nicosia2008,
  Title                    = {{Extending the definition of modularity to directed graphs with overlapping communities}},
  Author                   = {Nicosia, V. and Mangioni, G. and Carchiolo, V. and Malgeri, M.},
  Journal                  = {Journal of Statistical Mechanics: Theory and Experiment},
  Year                     = {2008},
  Pages                    = {22},
  Volume                   = {03024},
  Archiveprefix            = {arXiv},
  Arxivid                  = {0801.1647},
  Doi                      = {10.1088/1742-5468/2009/03/P03024},
  Eprint                   = {0801.1647},
  File                     = {:home/amaury/.local/share/data/Mendeley Ltd./Mendeley Desktop/Downloaded/Nicosia et al. - 2008 - Extending the definition of modularity to directed graphs with overlapping communities(2).pdf:pdf},
  ISBN                     = {1742-5468},
  ISSN                     = {1742-5468},
  Keywords                 = {00,09,1742-5468,23,30,analysis of algorithms,c 2009 iop publishing,extending the definition of,ltd and sissa,modularity to directed graphs,network dynamics,networks,p03024,random graphs,with overlapping communities},
  Url                      = {http://arxiv.org/abs/0801.1647}
}

@ARTICLE{Nicosia2013,
   author = {{Nicosia}, V. and {Bianconi}, G. and {Latora}, V. and {Barthelemy}, M.
	},
    title = "{Growing Multiplex Networks}",
  journal = {Physical Review Letters},
archivePrefix = "arXiv",
   eprint = {1302.7126},
 primaryClass = "physics.soc-ph",
 keywords = {Networks and genealogical trees, Complex systems, Structures and organization in complex systems},
     year = 2013,
    month = aug,
   volume = 111,
   number = 5,
      eid = {058701},
    pages = {058701},
      doi = {10.1103/PhysRevLett.111.058701},
   adsurl = {http://adsabs.harvard.edu/abs/2013PhRvL.111e8701N},
  adsnote = {Provided by the SAO/NASA Astrophysics Data System}
}

@article{Nicosia2015,
  title = {Measuring and modeling correlations in multiplex networks},
  author = {Nicosia, Vincenzo and Latora, Vito},
  journal = {Phys. Rev. E},
  volume = {92},
  issue = {3},
  pages = {032805},
  numpages = {20},
  year = {2015},
  month = {Sep},
  publisher = {American Physical Society},
  doi = {10.1103/PhysRevE.92.032805},
  url = {https://link.aps.org/doi/10.1103/PhysRevE.92.032805}
}
%--------------------------------------------------------------------------------------------------------------------------------------------------------------------------------------
% OOO 
%--------------------------------------------------------------------------------------------------------------------------------------------------------------------------------------
@ARTICLE{Omodei2015,
AUTHOR={Omodei, Elisa and De Domenico, Manlio and Arenas, Alex},
TITLE={Characterizing interactions in online social networks during exceptional events},
JOURNAL={Frontiers in Physics},
VOLUME={3},
PAGES={59},
YEAR={2015},
URL={https://www.frontiersin.org/article/10.3389/fphy.2015.00059},
DOI={10.3389/fphy.2015.00059},
ISSN={2296-424X},
}

@article{Orman2012,
  author={Günce Keziban Orman and Vincent Labatut and Hocine Cherifi},
  title={Comparative evaluation of community detection algorithms: a topological approach},
  journal={Journal of Statistical Mechanics: Theory and Experiment},
  volume={2012},
  number={08},
  pages={P08001},
  url={http://stacks.iop.org/1742-5468/2012/i=08/a=P08001},
  year={2012},
}


%--------------------------------------------------------------------------------------------------------------------------------------------------------------------------------------
% PPP
%--------------------------------------------------------------------------------------------------------------------------------------------------------------------------------------
@article{Page1998,
archivePrefix = {arXiv},
arxivId = {1111.4503v1},
author = {Page, Lawrence and Brin, Sergey and Motwani, Rajeev and Winograd, Terry},
doi = {10.1.1.31.1768},
eprint = {1111.4503v1},
isbn = {9781424433803},
issn = {1752-0509},
journal = {World Wide Web Internet And Web Information Systems},
mendeley-groups = {Estudo Dirigido/Detec{\c{c}}{\~{a}}o de Comunidades em Redes Sociais/Outros},
number = {1999-66},
pages = {1--17},
pmid = {20840727},
title = {{The PageRank Citation Ranking: Bringing Order to the Web}},
url = {http://ilpubs.stanford.edu:8090/422},
volume = {54},
year = {1998}
}

@InProceedings{Palazuelos2013,
  Title                    = {{Identifying overlapping communities and their leading members in social networks}},
  Author                   = {Palazuelos, Camilo and Zorrilla, Marta},
  Booktitle                = {Lecture Notes in Computer Science (including subseries Lecture Notes in Artificial Intelligence and Lecture Notes in Bioinformatics)},
  Year                     = {2013},
  Pages                    = {52--61},
  Volume                   = {8109 LNAI},
  Doi                      = {10.1007/978-3-642-40643-0_6},
  ISBN                     = {9783642406423},
  ISSN                     = {03029743},
  Keywords                 = {community detection,graph algorithms,overlapping communities,social influence,social networks},
  Url                      = {http://link.springer.com/10.1007/978-3-642-40643-0{\_}6}
}

@Article{Palla2005,
  Title                    = {{Uncovering the overlapping community structure of complex networks in nature and society - Supplementary}},
  Author                   = {Palla, Gergely and Derenyi, Imre and Farkas, Illes and Vicsek, Tamas},
  Journal                  = {Nature},
  Year                     = {2005},
  Number                   = {7043},
  Pages                    = {814--818},
  Volume                   = {435},
  Archiveprefix            = {arXiv},
  Arxivid                  = {physics/0506133},
  Doi                      = {10.1038/nature03607},
  Eprint                   = {0506133},
  ISBN                     = {1476-4687 (Electronic)$\backslash$n0028-0836 (Linking)},
  ISSN                     = {1476-4687},
  Keywords                 = {Molecular Networks,Physics and Society,Statistical Mechanics},
  Pmid                     = {15944704},
  Primaryclass             = {physics},
  Url                      = {http://arxiv.org/abs/physics/0506133}
}

@Article{Papadopoulos2012,
  Title                    = {{Community detection in social media performance and application considerations}},
  Author                   = {Papadopoulos, Symeon and Kompatsiaris, Yiannis and Vakali, Athena and Spyridonos, Ploutarchos},
  Journal                  = {Data Mining and Knowledge Discovery},
  Year                     = {2012},
  Month                    = {jun},
  Number                   = {3},
  Pages                    = {515--554},
  Volume                   = {24},
  Doi                      = {10.1007/s10618-011-0224-z},
  ISBN                     = {1384-5810},
  ISSN                     = {13845810},
  Keywords                 = {Community detection,Large-scale networks,Social Media},
  Pmid                     = {21407241},
  Publisher                = {Kluwer Academic Publishers},
  Url                      = {http://dl.acm.org/citation.cfm?id=2198180.2198210}
}

@article{Papalexakis2013,
	annote = {N{\~{a}}o trata especificamente o Twitter},
	author = {Papalexakis, E E and Akoglu, L and Ience, D},
	isbn = {9786058631113},
	issn = {6058631114},
	journal = {Icif},
	keywords = {Clustering algorithms,Educational institutions,GRAPHFuSE,MULTICLUS,Matrix decomposition,Noise measurement,Systematics,Tensile stress,citation analysis,citation network,coauthorship collaboration network,community detection,minimum description length analysis,multigraph clustering technique,network theory (graphs),pattern clustering,social networking (online),tensor analysis,tensors},
	pages = {899--905},
	title = {{Do more views of a graph help? Community detection and clustering in multi-graphs}},
	year = {2013}
}

@Article{Parimala2016,
  Title                    = {{Graph clustering using k-Neighbourhood Attribute Structural similarity}},
  Author                   = {{Parimala Boobalan}, M and Lopez, Daphne and Gao, X Z},
  Journal                  = {Applied Soft Computing},
  Year                     = {2016},
  Pages                    = {216--223},
  Volume                   = {47},
  Doi                      = {10.1016/j.asoc.2016.05.028},
  File                     = {:home/amaury/.local/share/data/Mendeley Ltd./Mendeley Desktop/Downloaded/Parimala Boobalan, Lopez, Gao - 2016 - Graph clustering using k-Neighbourhood Attribute Structural similarity.pdf:pdf},
  ISSN                     = {15684946},
  Keywords                 = {Attribute similarity,Clustering,Structural,graph,k-Neighbourhood}
}

@article{ParimalaBoobalan2016,
	author = {{Parimala Boobalan}, M and Lopez, Daphne and Gao, X Z},
	doi = {10.1016/j.asoc.2016.05.028},
	issn = {15684946},
	journal = {Applied Soft Computing},
	keywords = {Attribute similarity,Clustering,Structural,graph,k-Neighbourhood},
	pages = {216--223},
	title = {{Graph clustering using k-Neighbourhood Attribute Structural similarity}},
	volume = {47},
	year = {2016}
}

@article{PARK201632,
title = "Understanding the network fundamentals of news sources associated with a specific topic",
journal = "Information Sciences",
volume = "372",
pages = "32 - 52",
year = "2016",
issn = "0020-0255",
doi = "https://doi.org/10.1016/j.ins.2016.08.015",
url = "http://www.sciencedirect.com/science/article/pii/S0020025516305874",
author = "Daemin Park and Gi-nam Kim and Byung-Won On",
keywords = "Social network analysis, News source networks, Complex networks, Graph theory, Network science"
}

@article{Paul2015,
	archivePrefix = {arXiv},
	arxivId = {1506.02699},
	author = {Paul, Subhadeep and Chen, Yuguo},
	doi = {10.1214/16-EJS1211},
	eprint = {1506.02699},
	issn = {19357524},
	keywords = {chen,data with,department of statistics,munity detection in multi-relational,restricted multi-layer stochastic blockmodel,subhadeep paul and yuguo},
	mendeley-groups = {Estudo Dirigido/by Interactions/Busca Inicial},
	pages = {32},
	title = {{Community detection in multi-relational data with restricted multi-layer stochastic blockmodel}},
	url = {http://arxiv.org/abs/1506.02699},
	volume = {61820},
	year = {2015}
}

@Article{Pei2014,
  Title                    = {{Overlapping Community Detection by Local Community Gravitation in Social Networks}},
  Author                   = {Pei, Tingrui and Cao, Yuxin and Li, Zhetao and Zhu, Gengming},
  Journal                  = {Journal of Networks},
  Year                     = {2014},
  Number                   = {9},
  Pages                    = {2360--2364},
  Volume                   = {9},
  Doi                      = {10.4304/jnw.9.9.2360-2364},
  File                     = {:home/amaury/.local/share/data/Mendeley Ltd./Mendeley Desktop/Downloaded/Pei et al. - 2014 - Overlapping Community Detection by Local Community Gravitation in Social Networks.pdf:pdf},
  ISSN                     = {1796-2056},
  Url                      = {http://ojs.academypublisher.com/index.php/jnw/article/view/13293}
}

@Article{Prabavathi2013,
  Title                    = {{A Review on Overlapping Community Detection Algorithms}},
  Author                   = {Prabavathi, GT and Thiagarasu, V},
  Journal                  = {Hgsitebuilder.Com},
  Year                     = {2013},
  Number                   = {3},
  Volume                   = {II},
  Keywords                 = {Community Detection,Overlapping communities,Social network},
}

@ARTICLE{Porter:2012,
AUTHOR = {Porter, M. A.},
TITLE   = {{S}mall-world network},
YEAR    = {2012},
JOURNAL = {Scholarpedia},
VOLUME  = {7},
NUMBER  = {2},
PAGES   = {1739},
DOI     = {10.4249/scholarpedia.1739},
}

@Article{Psorakis2011,
  Title                    = {{Overlapping community detection using Bayesian non-negative matrix factorization}},
  Author                   = {Psorakis, Ioannis and Roberts, Stephen and Ebden, Mark and Sheldon, Ben},
  Journal                  = {Physical Review E - Statistical, Nonlinear, and Soft Matter Physics},
  Year                     = {2011},
  Number                   = {6},
  Volume                   = {83},
  Doi                      = {10.1103/PhysRevE.83.066114},
  ISSN                     = {15393755},
  Pmid                     = {21797448}
}

%--------------------------------------------------------------------------------------------------------------------------------------------------------------------------------------
% QQQ
%--------------------------------------------------------------------------------------------------------------------------------------------------------------------------------------

@Article{Qiu2012,
  Title                    = {{Discovering the overlapping and hierarchical community structure in a social network}},
  Author                   = {Qiu, Jiangtao and Hu, Yixiao},
  Journal                  = {Lecture Notes in Computer Science (including subseries Lecture Notes in Artificial Intelligence and Lecture Notes in Bioinformatics)},
  Year                     = {2013},
  Pages                    = {252--262},
  Volume                   = {8041 LNAI},
  Doi                      = {10.1007/978-3-642-39787-5-21},
  ISBN                     = {9783642397868},
  ISSN                     = {03029743},
  Keywords                 = {Hierarchy,Overlapping Community,Social Network Analysis},
  Publisher                = {Springer Berlin Heidelberg},
  Url                      = {http://link.springer.com/10.1007/978-3-642-39787-5{\_}21 http://link.springer.com/chapter/10.1007/978-3-642-39787-5{\_}21$\backslash$nhttp://link.springer.com/content/pdf/10.1007/978-3-642-39787-5{\_}21.pdf}
}

@Article{Qiu2014,
  Title                    = {{D-HOCS: An algorithm for discovering the hierarchical overlapping community structure of a social network}},
  Author                   = {Qiu, Jiangtao and Lin, Zhangxi},
  Journal                  = {Journal of Intelligent Information Systems},
  Year                     = {2014},
  Month                    = {jun},
  Number                   = {3},
  Pages                    = {353--370},
  Volume                   = {42},
  Doi                      = {10.1007/s10844-013-0272-5},
  ISBN                     = {0925-9902},
  ISSN                     = {15737675},
  Keywords                 = {Gaussian mixture model,Hierarchical community,Overlapping community,Social network analysis},
  Url                      = {http://link.springer.com/10.1007/s10844-013-0272-5 https://apps.webofknowledge.com/full{\_}record.do?product=UA{\&}search{\_}mode=AdvancedSearch{\&}qid=9{\&}SID=2EcPDiu3hBuyApNY2N6{\&}page=1{\&}doc=9{\&}cacheurlFromRightClick=no}
}

@article{Qu2011,
	author = {Qu, Zhonghua and Liu, Yang},
	isbn = {978-1-932432-88-6},
	journal = {Proceedings of the 49th Annual Meeting of the Association for Computational Linguistics: Human Language Technologies: Short Papers - Volume 2},
	mendeley-groups = {Estudo Dirigido/by Interactions/Busca Inicial/Recomenda{\c{c}}{\~{a}}o de Listas,Estudo Dirigido/by Interactions/Busca Inicial},
	pages = {519--523},
	title = {{Interactive Group Suggesting for Twitter}},
	url = {http://dl.acm.org/citation.cfm?id=2002736.2002839},
	year = {2011}
}
%--------------------------------------------------------------------------------------------------------------------------------------------------------------------------------------
% RRR
%--------------------------------------------------------------------------------------------------------------------------------------------------------------------------------------

@article{Raghavan2007,
  title = {Near linear time algorithm to detect community structures in large-scale networks},
  author = {Raghavan, Usha Nandini and Albert, R\'eka and Kumara, Soundar},
  journal = {Phys. Rev. E},
  volume = {76},
  issue = {3},
  pages = {036106},
  numpages = {11},
  year = {2007},
  month = {Sep},
  publisher = {American Physical Society},
  doi = {10.1103/PhysRevE.76.036106},
  url = {https://link.aps.org/doi/10.1103/PhysRevE.76.036106}
}

@Book{Rees2013,
  Title                    = {{EgoClustering: Overlapping Community Detection via Merged Friendship-Groups}},
  Author                   = {Rees, BradleyS and Gallagher, KeithB},
  Publisher                = {Springer Vienna},
  Year                     = {2013},
  Volume                   = {6},
  Booktitle                = {The Influence of Technology on Social Network Analysis and Mining},
  Doi                      = {10.1007/978-3-7091-1346-2_1},
  File                     = {:home/amaury/.local/share/data/Mendeley Ltd./Mendeley Desktop/Downloaded/Rees, Gallagher - 2013 - EgoClustering Overlapping Community Detection via Merged Friendship-Groups.pdf:pdf},
  ISBN                     = {978-3-7091-1345-5},
  Pages                    = {1--20},
  Url                      = {http://link.springer.com/10.1007/978-3-7091-1346-2{\_}1 http://dx.doi.org/10.1007/978-3-7091-1346-2{\_}1}
}

@article{Riquelme:2016,
 author = {Riquelme, Fabi\'{a}n and Gonz\'{a}lez-Cantergiani, Pablo},
 title = {Measuring User Influence on Twitter},
 journal = {Inf. Process. Manage.},
 issue_date = {September 2016},
 volume = {52},
 number = {5},
 month = sep,
 year = {2016},
 issn = {0306-4573},
 pages = {949--975},
 numpages = {27},
 url = {https://doi.org/10.1016/j.ipm.2016.04.003},
 doi = {10.1016/j.ipm.2016.04.003},
 acmid = {2978529},
 publisher = {Pergamon Press, Inc.},
 address = {Tarrytown, NY, USA},
 keywords = {Centrality measure, Opinion leader, PageRank, Twitter, User influence},
} 

@ARTICLE{Rosvall2008,
    author = {M. Rosvall and C. T. Bergstrom},
    title = {Maps of random walks on complex networks reveal community structure},
    journal = {Proc. Natl. Acad. Sci. USA},
    year = {2008},
    pages = {1118}
}

%--------------------------------------------------------------------------------------------------------------------------------------------------------------------------------------
% SSS
%--------------------------------------------------------------------------------------------------------------------------------------------------------------------------------------

@InProceedings{Shahriari2015,
  Title                    = {{Disassortative Degree Mixing and Information Diffusion for Overlapping Community Detection in Social Networks (DMID)}},
  Author                   = {Shahriari, M and Krott, S and Klamma, R},
  Booktitle                = {WWW '15 Companion Proceedings of the 24th International Conference on World Wide Web},
  Year                     = {2015},
  Address                  = {New York, New York, USA},
  Pages                    = {1369--1374},
  Publisher                = {ACM Press},
  Doi                      = {10.1145/2740908.2741696},
  ISBN                     = {9781450334730},
  Keywords                 = {Information Diffusion,expert identification,overlapping community detection,web service},
  Url                      = {http://dl.acm.org/citation.cfm?id=2741696}
}

@Article{Shi2014,
  Title                    = {{A hierarchical multi-label propagation algorithm for overlapping community discovery in social networks}},
  Author                   = {Shi, Song and Chen, Yuzhong and Fang, Mingyue and Li, Wanhua and Shining},
  Journal                  = {Proceedings - 11th Web Information System and Application Conference, WISA 2014},
  Year                     = {2014},
  Pages                    = {113--118},
  Doi                      = {10.1109/WISA.2014.29},
  ISBN                     = {9781479957262},
  ISSN                     = {9781479957279},
  Keywords                 = {Multi-label propagation,Node hierarchy,Overlapping community detection,Propagation gain}
}

@InProceedings{Singh2014,
  Title                    = {{Greedy local algorithm for overlapping community detection in online social networks}},
  Author                   = {Singh, Ashish Kumar and Gambhir, Sapna},
  Booktitle                = {2014 5th International Conference - Confluence The Next Generation Information Technology Summit (Confluence)},
  Year                     = {2014},
  Month                    = {sep},
  Pages                    = {155--162},
  Publisher                = {IEEE},
  Doi                      = {10.1109/CONFLUENCE.2014.6949355},
  ISBN                     = {978-1-4799-4236-7},
  Keywords                 = {Community Detection,Overlapping community detection,Social networks,algorithms,social network analysis},
  Url                      = {http://ieeexplore.ieee.org/lpdocs/epic03/wrapper.htm?arnumber=6949355 http://www.scopus.com/inward/record.url?eid=2-s2.0-84914124966{\&}partnerID=tZOtx3y1}
}

@article{Singh2014a,
	author = {Singh, Ashish Kumar and Gambhir, Sapna},
	file = {:home/amaury/.local/share/data/Mendeley Ltd./Mendeley Desktop/Downloaded/Singh, Gambhir - 2014 - A Comprehensive Review of Overlapping Community Detection Algorithms for Social Networks.pdf:pdf},
	journal = {International Journal of Engineering Research and Applications},
	keywords = {community,complex networks,online social networks,overlapping community detection},
	mendeley-groups = {Estudo Dirigido/Detec{\c{c}}{\~{a}}o de Comunidades em Redes Sociais/Start - Fase 1/Artigos},
	number = {March},
	pages = {2248--9622},
	title = {{A Comprehensive Review of Overlapping Community Detection Algorithms for Social Networks}},
	year = {2014}
}


@article{Solomonoff1951,
author = {Solomonoff, Ray and Rapoport, Anatol},
doi = {10.1007/BF02478357},
isbn = {9781400841356},
issn = {00074985},
journal = {The Bulletin of Mathematical Biophysics},
mendeley-groups = {Disserta{\c{c}}{\~{a}}o},
number = {2},
pages = {107--117},
title = {{Connectivity of random nets}},
url = {http://raysolomonoff.com/publications/50.pdf},
volume = {13},
year = {1951}
}

@Article{Soundarajan2015,
  Title                    = {{Use of Local Group Information to Identify Communities in Networks}},
  Author                   = {Soundarajan, Sucheta and Hopcroft, John},
  Journal                  = {ACM Transactions on Knowledge Discovery from Data},
  Year                     = {2015},
  Number                   = {3},
  Pages                    = {21},
  Volume                   = {9},
  Archiveprefix            = {arXiv},
  Arxivid                  = {1005.3014},
  Doi                      = {10.1145/0000000.0000000},
  Eprint                   = {1005.3014},
  ISBN                     = {9781627480031},
  ISSN                     = {15564681},
  Keywords                 = {Algorithms,Categories and Subject Descriptors,Clustering General Terms,Design Additional Key Words and Phrases,I53 [Pattern Recognition],Social networks,communities},
  Url                      = {http://arxiv.org/abs/1005.3014}
}

@article{Sousa2010,
	author = {Sousa, Daniel and Sarmento, Luis Lu{\'{i}}s and Rodrigues, Eduarda Mendes and {Mendes Rodrigues}, Eduarda},
	doi = {10.1145/1871985.1871996},
	file = {:home/amaury/.local/share/data/Mendeley Ltd./Mendeley Desktop/Downloaded/Sousa et al. - 2010 - Characterization of the twitter @replies network.pdf:pdf},
	isbn = {9781450303866},
	journal = {Proceedings of the 2nd international workshop on Search and mining user-generated contents - SMUC '10},
	keywords = {Knowledge management,Social aspects,Social networking (online)},
	mendeley-groups = {Estudo Dirigido/by Regions - Iniciais.../Controle},
	pages = {63--70},
	title = {{Characterization of the twitter @replies network}},
	url = {http://portal.acm.org/citation.cfm?doid=1871985.1871996{\%}5Cnhttp://dx.doi.org/10.1145/1871985.1871996},
	year = {2010}
}

@article {Strogatz2001,
	Title = {Exploring complex networks},
	Author = {Strogatz S. H.},
	DOI = {10.1038/35065725},
	Volume = {410},
	Month={March},
	Year = {2001},
	Journal = {Nature},
	ISSN = {ISSN 1476-4687},
	Pages = {268–276},
	Publisher={Nature Publishing Group}
}

@InProceedings{Sumithra2015,
  Title                    = {{A computational geometric approach for overlapping community (cover) detection in social network}},
  Author                   = {{Sumithra V.S} and Surendran, Subu},
  Booktitle                = {2015 International Conference on Computing and Network Communications (CoCoNet)},
  Year                     = {2015},
  Month                    = {dec},
  Pages                    = {98--105},
  Publisher                = {IEEE},
  Doi                      = {10.1109/CoCoNet.2015.7411173},
  File                     = {:home/amaury/.local/share/data/Mendeley Ltd./Mendeley Desktop/Downloaded/Sumithra V.S, Surendran - 2015 - A computational geometric approach for overlapping community (cover) detection in social network.pdf:pdf},
  ISBN                     = {978-1-4673-7309-8},
  Url                      = {http://ieeexplore.ieee.org/lpdocs/epic03/wrapper.htm?arnumber=7411173}
}

@article {Szell2010,
	author = {Szell, Michael and Lambiotte, Renaud and Thurner, Stefan},
	title = {Multirelational organization of large-scale social networks in an online world},
	volume = {107},
	number = {31},
	pages = {13636--13641},
	year = {2010},
	doi = {10.1073/pnas.1004008107},
	publisher = {National Academy of Sciences},
	issn = {0027-8424},
	URL = {http://www.pnas.org/content/107/31/13636},
	eprint = {http://www.pnas.org/content/107/31/13636.full.pdf},
	journal = {Proceedings of the National Academy of Sciences}
}

@INPROCEEDINGS{Szymanski2013, 
author={M. Chen and T. Nguyen and B. K. Szymanski}, 
booktitle={2013 International Conference on Social Computing}, 
title={On Measuring the Quality of a Network Community Structure}, 
year={2013}, 
volume={}, 
number={}, 
pages={122-127},  
doi={10.1109/SocialCom.2013.25}, 
ISSN={}, 
month={Sept},
}
%--------------------------------------------------------------------------------------------------------------------------------------------------------------------------------------
% TTT
%--------------------------------------------------------------------------------------------------------------------------------------------------------------------------------------
@article{Tang2009,
	author = {Tang, Lei and Wang, Xufei and Liu, Huan},
	doi = {10.1109/ICDM.2009.20},
	file = {:home/amaury/Community Detection by Interactions/05360276.pdf:pdf},
	isbn = {9780769538952},
	issn = {15504786},
	journal = {Proceedings - IEEE International Conference on Data Mining, ICDM},
	keywords = {Community detection,Cross-dimension network validation,Heterogeneous interaction,Heterogeneous network,Multi-dimensional networks},
	mendeley-groups = {Estudo Dirigido/by Interactions/Busca Inicial/Avaliar depois,Estudo Dirigido/by Interactions/Busca Inicial},
	pages = {503--512},
	title = {{Uncovering groups via heterogeneous interaction analysis}},
	year = {2009}
}

@article{Tang2012,
	author = {Tang, Lei and Wang, Xufei and Liu, Huan},
	doi = {10.1007/s10618-011-0231-0},
	file = {:home/amaury/Community Detection by Interactions/art{\%}3A10.1007{\%}2Fs10618-011-0231-0.pdf:pdf},
	isbn = {9780769538952},
	issn = {13845810},
	journal = {Data Mining and Knowledge Discovery},
	keywords = {Community detection,Heterogeneous interactions,Multi-dimensional networks,Network integration,Social media},
	mendeley-groups = {Estudo Dirigido/by Interactions/Busca Inicial/Surveys,Estudo Dirigido/by Interactions/Busca Inicial},
	number = {1},
	pages = {1--33},
	title = {{Community detection via heterogeneous interaction analysis}},
	volume = {25},
	year = {2012}
}

@article{Travers:1967,
 ISSN = {00380431},
 URL = {http://www.jstor.org/stable/2786545},
 abstract = {Arbitrarily selected individuals (N=296) in Nebraska and Boston are asked to generate acquaintance chains to a target person in Massachusetts, employing "the small world method" (Milgram, 1967). Sixty-four chains reach the target person. Within this group the mean number of intermediaries between starters and targets is 5.2. Boston starting chains reach the target person with fewer intermediaries than those starting in Nebraska; subpopulations in the Nebraska group do not differ among themselves. The funneling of chains through sociometric "stars" is noted, with 48 per cent of the chains passing through three persons before reaching the target. Applications of the method to studies of large scale social structure are discussed.},
 author = {Jeffrey Travers and Stanley Milgram},
 journal = {Sociometry},
 number = {4},
 pages = {425--443},
 publisher = {[American Sociological Association, Sage Publications, Inc.]},
 title = {An Experimental Study of the Small World Problem},
 volume = {32},
 year = {1969}
}
%--------------------------------------------------------------------------------------------------------------------------------------------------------------------------------------
% UUU
%--------------------------------------------------------------------------------------------------------------------------------------------------------------------------------------

%--------------------------------------------------------------------------------------------------------------------------------------------------------------------------------------
% VVV
%--------------------------------------------------------------------------------------------------------------------------------------------------------------------------------------
@article{Vahedian:2017,
 author = {Vahedian, Fatemeh and Burke, Robin and Mobasher, Bamshad},
 title = {Multirelational Recommendation in Heterogeneous Networks},
 journal = {ACM Trans. Web},
 issue_date = {July 2017},
 volume = {11},
 number = {3},
 month = jun,
 year = {2017},
 issn = {1559-1131},
 pages = {15:1--15:34},
 articleno = {15},
 numpages = {34},
 url = {http://doi.acm.org/10.1145/3054952},
 doi = {10.1145/3054952},
 acmid = {3054952},
 publisher = {ACM},
 address = {New York, NY, USA},
 keywords = {Multi-relational recommender systems, heteroegeous information networks, hybrid recommender systems, information gain, meta-paths},
} 

%--------------------------------------------------------------------------------------------------------------------------------------------------------------------------------------
% WWW
%--------------------------------------------------------------------------------------------------------------------------------------------------------------------------------------

@Article{Walia2015,
  Title                    = {{Finding the influential overlap nodes in communities}},
  Author                   = {Walia, Rhythm and Sarna, Geetika and Bhatia, M. P S},
  Journal                  = {Proceedings - 2015 IEEE International Conference on Computational Intelligence and Communication Technology, CICT 2015},
  Year                     = {2015},
  Pages                    = {349--353},
  Doi                      = {10.1109/CICT.2015.93},
  ISBN                     = {9781479960224},
  Keywords                 = {Fitness number,Importance of node,Overlap nodes,Overlapping community}
}


@Article{Wang2010,
  Title                    = {{Discovering overlapping groups in social media}},
  Author                   = {Wang, Xufei and Tang, Lei and Gao, Huiji and Liu, Huan},
  Journal                  = {Proceedings - IEEE International Conference on Data Mining, ICDM},
  Year                     = {2010},
  Pages                    = {569--578},
  Doi                      = {10.1109/ICDM.2010.48},
  File                     = {:home/amaury/.local/share/data/Mendeley Ltd./Mendeley Desktop/Downloaded/Wang et al. - Unknown - Discovering Overlapping Groups in Social Media.pdf:pdf},
  ISBN                     = {9780769542560},
  ISSN                     = {15504786},
  Keywords                 = {Co-clustering,Community detection,Overlapping,Social media},
  Pmid                     = {2434}
}

@INPROCEEDINGS{Wang2012, 
author={M. Wang and D. Morrison and C. Hayes}, 
booktitle={2012 IEEE/ACM International Conference on Advances in Social Networks Analysis and Mining}, 
title={Early and Late Fusion Methods for the Automatic Creation of Twitter Lists}, 
year={2012}, 
volume={}, 
number={}, 
pages={1177-1182}, 
keywords={application program interfaces;graph theory;information filtering;sensor fusion;social networking (online);Twitter API;Twitter list automatic creation;curating groups;early fusion methods;followee clustering;graph structure;ground-truth Twitter lists;information access;information filtering;late fusion methods;tweet content;Clustering algorithms;Clustering methods;Communities;Density measurement;Gold;Twitter;Vectors;community detection;document clustering;early fusion;late fusion}, 
doi={10.1109/ASONAM.2012.203}, 
ISSN={}, 
month={Aug},}

@Article{Wang2014,
  Title                    = {{Discovering and profiling overlapping communities in location-based social networks}},
  Author                   = {Wang, Zhu and Zhang, Daqing and Zhou, Xingshe and Yang, Dingqi and Yu, Zhiyong and Yu, Zhiwen},
  Journal                  = {IEEE Transactions on Systems, Man, and Cybernetics: Systems},
  Year                     = {2014},
  Number                   = {4},
  Pages                    = {499--509},
  Volume                   = {44},
  Doi                      = {10.1109/TSMC.2013.2256890},
  ISBN                     = {2168-2216 VO - 44},
  ISSN                     = {10834427},
  Keywords                 = {Community profiling,hierarchical clustering,location-based social networks (LBSNs),overlapping community detection}
}

@article{Wang2015,
author = {Wang, Mengjiao and Morrison, Donn and Hayes, Conor},
doi = {10.1504/IJSNM.2015.069774},
issn = {1757-8485},
journal = {International Journal of Social Network Mining},
mendeley-groups = {Disserta{\c{c}}{\~{a}}o/Co-Workers/Lists on Twitter},
number = {1},
pages = {19},
title = {{Information fusion methods for the automatic creation of Twitter lists}},
url = {http://www.inderscience.com/link.php?id=69774},
volume = {2},
year = {2015}
}


@Article{Wang2016,
	Title                    = {{Uncovering fuzzy communities in networks with structural similarity}},
	Author                   = {Wang, Xiaofeng and Liu, Gongshen and Pan, Li and Li, Jianhua},
	Journal                  = {Neurocomputing},
	Year                     = {2016},
	Doi                      = {10.1016/j.neucom.2016.01.109},
	ISSN                     = {09252312},
	Keywords                 = {Benchmark graph,Community detection,Fuzzy clustering,Fuzzy community,Structural similarity},
	Url                      = {http://linkinghub.elsevier.com/retrieve/pii/S0925231216306051}
}

@book{Wasserman1994,
 author = {Wasserman, S. and Faust, K},
 title = {Social Network Analysis: Methods and Applications},
 year = {1994},
 publisher = {Cambridge University Press},
 address = {Cambridge},
} 

@article{Watts1998,
  added-at = {2017-10-20T13:55:12.000+0200},
  author = {Watts, Duncan J. and Strogatz, Steven H.},
  doi = {10.1038/30918},
  issn = {00280836},
  journal = {Nature},
  month = jun,
  number = 6684,
  pages = {440--442},
  timestamp = {2017-10-20T13:56:14.000+0200},
  title = {Collective dynamics of 'small-world' networks},
  volume = 393,
  Publisher = {Macmillan Magazines Ltd. SN },
  year = 1998
}

@article{Webber2010,
 author = {Webber, William and Moffat, Alistair and Zobel, Justin},
 title = {A Similarity Measure for Indefinite Rankings},
 journal = {ACM Trans. Inf. Syst.},
 issue_date = {November 2010},
 volume = {28},
 number = {4},
 month = nov,
 year = {2010},
 issn = {1046-8188},
 pages = {20:1--20:38},
 articleno = {20},
 numpages = {38},
 url = {http://doi.acm.org/10.1145/1852102.1852106},
 doi = {10.1145/1852102.1852106},
 acmid = {1852106},
 publisher = {ACM},
 address = {New York, NY, USA},
 keywords = {Rank correlation, probabilistic models, ranking},
} 

@inproceedings{Wilson2009,
 author = {Wilson, Christo and Boe, Bryce and Sala, Alessandra and Puttaswamy, Krishna P.N. and Zhao, Ben Y.},
 title = {User Interactions in Social Networks and Their Implications},
 booktitle = {Proceedings of the 4th ACM European Conference on Computer Systems},
 series = {EuroSys '09},
 year = {2009},
 isbn = {978-1-60558-482-9},
 location = {Nuremberg, Germany},
 pages = {205--218},
 numpages = {14},
 url = {http://doi.acm.org/10.1145/1519065.1519089},
 doi = {10.1145/1519065.1519089},
 acmid = {1519089},
 publisher = {ACM},
 address = {New York, NY, USA},
 keywords = {online social networks},
} 

@article{Wu2012,
author = {Wu, Zhi Hao and Lin, You Fang and Gregory, Steve and Wan, Huai Yu and Tian, Sheng Feng},
doi = {10.1007/s11390-012-1236-x},
isbn = {1000-9000},
issn = {10009000},
journal = {Journal of Computer Science and Technology},
keywords = {Multi-label propagation,Overlapping community detection,Social network},
mendeley-groups = {Disserta{\c{c}}{\~{a}}o/Algoritmos de Detecc{\~{a}}o},
number = {3},
pages = {468--479},
title = {{Balanced multi-label propagation for overlapping community detection in social networks}},
volume = {27},
year = {2012}
}

@Article{Wu2015,
  Title                    = {{Identification of overlapping community structure with Grey Relational Analysis in social networks}},
  Author                   = {Wu, L and Zhang, Q},
  Journal                  = {Grey Systems and Intelligent Services (GSIS), 2015 IEEE International Conference on},
  Year                     = {2015},
  Pages                    = {139--144},
  Volume                   = {28},
  Doi                      = {10.1109/GSIS.2015.7301844},
  ISBN                     = {9781479983742},
  ISSN                     = {21669449},
  Keywords                 = {Artificial neural networks,clustering,complex networks,computer-generated datasets,edge similarity,grey relational analysis,network theory (graphs),overlapping community structure,overlapping community structure identification,real-world networks,social networks,social sciences},
  Url                      = {http://ieeexplore.ieee.org/xpls/abs{\_}all.jsp?arnumber=7301844}
}


@Article{Wu2016,
  Title                    = {{SIMPLE: a simplifying-ensembling framework for parallel community detection from large networks}},
  Author                   = {Wu, Zhiang and Gao, Guangliang and Bu, Zhan and Cao, Jie},
  Journal                  = {Cluster Computing},
  Year                     = {2016},
  Number                   = {1},
  Pages                    = {211--221},
  Volume                   = {19},
  Doi                      = {10.1007/s10586-015-0504-2},
  ISSN                     = {1386-7857},
  Keywords                 = {Community detection,Complex network,K-means,MapReduce,Parallel computing,community detection,complex network,k-means,mapreduce,parallel computing},
  Publisher                = {Springer US},
  Url                      = {http://link.springer.com/10.1007/s10586-015-0504-2}
}

%--------------------------------------------------------------------------------------------------------------------------------------------------------------------------------------
% XXX
%--------------------------------------------------------------------------------------------------------------------------------------------------------------------------------------

@article{Xie2013,
 author = {Xie, Jierui and Kelley, Stephen and Szymanski, Boleslaw K.},
 title = {Overlapping Community Detection in Networks: The State-of-the-art and Comparative Study},
 journal = {ACM Comput. Surv.},
 issue_date = {August 2013},
 volume = {45},
 number = {4},
 month = aug,
 year = {2013},
 issn = {0360-0300},
 pages = {43:1--43:35},
 articleno = {43},
 numpages = {35},
 url = {http://doi.acm.org/10.1145/2501654.2501657},
 doi = {10.1145/2501654.2501657},
 acmid = {2501657},
 publisher = {ACM},
 address = {New York, NY, USA},
 keywords = {Overlapping community detection, social networks},
} 

@Article{Xie2011,
  Title                    = {{SLPA: Uncovering overlapping communities in social networks via a speaker-listener interaction dynamic process}},
  Author                   = {Xie, Jierui and Szymanski, Boleslaw K. and Liu, Xiaoming},
  Journal                  = {Proceedings - IEEE International Conference on Data Mining, ICDM},
  Year                     = {2011},
  Pages                    = {344--349},
  Archiveprefix            = {arXiv},
  Arxivid                  = {1109.5720},
  Doi                      = {10.1109/ICDMW.2011.154},
  Eprint                   = {1109.5720},
  ISBN                     = {9780769544090},
  ISSN                     = {15504786},
  Keywords                 = {Algorithm,Dynamic interaction,Label propagation,Overlapping community detection,Social network}
}

@Article{Xu2015,
  Title                    = {{Density-based modularity for evaluating community structure in bipartite networks}},
  Author                   = {Xu, Yongcheng and Chen, Ling and Li, Bin and Liu, Wei},
  Journal                  = {Information Sciences},
  Year                     = {2015},
  Pages                    = {278--294},
  Volume                   = {317},
  Doi                      = {10.1016/j.ins.2015.04.049},
  ISSN                     = {00200255},
  Keywords                 = {Bipartite network,Community,Modularity}
}

%--------------------------------------------------------------------------------------------------------------------------------------------------------------------------------------
% YYY
%--------------------------------------------------------------------------------------------------------------------------------------------------------------------------------------

@Article{Yajun2014,
  Title                    = {{Overlapping Community Detection in social network based on Microblog User Model}},
  Author                   = {Yajun, Gu and Bofeng, Zhang and Guobing, Zou and Mingqing, Huang and Keyuan, Jiang},
  Journal                  = {Data Science and Advanced Analytics (DSAA), 2014 International Conference on},
  Year                     = {2014},
  Month                    = {oct},
  Number                   = {61303096},
  Pages                    = {333--339},
  Doi                      = {10.1109/DSAA.2014.7058093},
  ISBN                     = {978-1-4799-6991-3},
  Keywords                 = {Clustering algorithms,Communities,Computational modeling,Image edge detection,MUM network,OCD-MUM,Predictive models,Social network services,Vectors,community structure,fitness function,interest prediction,microblog user model,network partition,network structure,online social networks,overlapping communities detection,overlapping community detection,social network,social networking (online),undirected network,user interest,weighted network},
  Publisher                = {IEEE},
  Url                      = {http://ieeexplore.ieee.org/lpdocs/epic03/wrapper.htm?arnumber=7058093 http://ieeexplore.ieee.org/xpls/abs{\_}all.jsp?arnumber=7058093}
}

@article{Yang2013a,
author = {Yang, Jaewon and Leskovec, Jure},
doi = {10.1145/2433396.2433471},
isbn = {9781450318693},
issn = {9781450318693},
journal = {Sixth ACM international conference on Web search and data mining},
keywords = {matrix factorization,network communities,overlapping community detec-,tion},
mendeley-groups = {Estudo Dirigido/Detec{\c{c}}{\~{a}}o de Comunidades em Redes Sociais/Avalicao de Comunidades,Disserta{\c{c}}{\~{a}}o/Avalia{\c{c}}{\~{a}}o de Comunidades,Disserta{\c{c}}{\~{a}}o},
pages = {587},
title = {{Overlapping community detection at scale: A Nonnegative Matrix Factorization Approach}},
url = {http://dl.acm.org/citation.cfm?id=2433396.2433471},
year = {2013}
}

@article{Yang2013,
	archivePrefix = {arXiv},
	arxivId = {1401.7267},
	author = {Yang, Jaewon and McAuley, Julian and Leskovec, Jure},
	doi = {10.1109/ICDM.2013.167},
	eprint = {1401.7267},
	isbn = {1550-4786},
	issn = {15504786},
	journal = {Proceedings - IEEE International Conference on Data Mining, ICDM},
	keywords = {Community detection,Network communities,Node attributes,Overlapping community detection},
	mendeley-groups = {Estudo Dirigido/by Interactions/Busca Inicial/by Interactions},
	pages = {1151--1156},
	title = {{Community detection in networks with node attributes}},
	year = {2013}
}

@article{Yang2015,
archivePrefix = {arXiv},
arxivId = {1205.6233},
author = {Yang, Jaewon and Leskovec, Jure},
doi = {10.1007/s10115-013-0693-z},
eprint = {1205.6233},
isbn = {9780769549057},
issn = {02193116},
journal = {Knowledge and Information Systems},
keywords = {Community detection,Community scoring function,Ground-truth communities,Modularity,Network communities},
mendeley-groups = {Disserta{\c{c}}{\~{a}}o/Co-Workers},
number = {1},
pages = {181--213},
title = {{Defining and evaluating network communities based on ground-truth}},
volume = {42},
year = {2015}
}
%--------------------------------------------------------------------------------------------------------------------------------------------------------------------------------------
% ZZZ
%--------------------------------------------------------------------------------------------------------------------------------------------------------------------------------------
@article{Zafarani2015,
abstract = {N/A},
author = {Zafarani, Reza and Liu, Huan},
doi = {10.1145/2666680},
issn = {00010782},
journal = {Communications of the ACM},
keywords = {NASA Discipline Space Human Factors,Non-NASA Center},
mendeley-groups = {Disserta{\c{c}}{\~{a}}o/Avalia{\c{c}}{\~{a}}o de Comunidades},
number = {6},
pages = {54--60},
pmid = {12238525},
title = {{Evaluation without ground truth in social media research}},
volume = {58},
year = {2015}
}

@book{Zafarani2014,
 author = {Zafarani, Reza and Abbasi, Mohammad Ali and Liu, Huan},
 title = {Social Media Mining: An Introduction},
 year = {2014},
 isbn = {1107018854, 9781107018853},
 publisher = {Cambridge University Press},
 address = {New York, NY, USA},
}

@article{Zhang2012,
	author = {Zhang, Yang and Wu, Yao and Yang, Qing},
	issn = {15539105},
	journal = {Journal of Computational Information Systems},
	keywords = {Community Discovery,Social Structure,Textual Contents,Twitter,User Similarity},
	mendeley-groups = {Estudo Dirigido/by Interactions/Busca Inicial/by Interactions,Estudo Dirigido/by Interactions/Busca Inicial},
	number = {3},
	pages = {991--1000},
	title = {{Community Discovery in Twitter Based on User Interests}},
	url = {http://www.jofcis.com},
	volume = {8},
	year = {2012}
}

@article{ZHANG2014,
	archivePrefix = {arXiv},
	arxivId = {arXiv:1502.07526v1},
	author = {ZHANG, JING and TANG, JIE and LI, JUANZI and LIU, YANG and Xing, Chunxiao},
	doi = {10.1145/0000000.0000000},
	eprint = {arXiv:1502.07526v1},
	isbn = {9781577357384},
	issn = {10450823},
	journal = {ACM Transactions on Knowledge Discovery from Data},
	keywords = {Categories and Subject Descriptors: J.4 [Social an,Experimentation,H.1.2 [User/Machine Systems]: Human factors,Human Factors,Measurement,Performance},
	mendeley-groups = {Estudo Dirigido/by Regions - Iniciais.../Orientador},
	pmid = {1000285845},
	title = {{Who Influenced You? Predicting Retweet via Social Influence Locality}},
	url = {http://doi.acm.org/10.1145/0000000.0000000},
	volume = {V},
	year = {2014}
}

@Article{Zhang2015b,
  Title                    = {{Overlapping community identification approach in online social networks}},
  Author                   = {Zhang, Xuewu and You, Huangbin and Zhu, William and Qiao, Shaojie and Li, Jianwu and {Alberto Gutierrez}, Louis and Zhang, Zhuo and Fan, Xinnan},
  Journal                  = {Physica A: Statistical Mechanics and its Applications},
  Year                     = {2015},
  Month                    = {mar},
  Pages                    = {233--248},
  Volume                   = {421},
  Doi                      = {10.1016/j.physa.2014.10.095},
  ISSN                     = {03784371},
  Keywords                 = {Closeness centrality,Online social network,Overlapping community}
}

@Article{Zhang2015a,
  Title                    = {{Mining overlapping and hierarchical communities in complex networks}},
  Author                   = {Zhang, Zhiwei and Wang, Zhenyu},
  Journal                  = {Physica A: Statistical Mechanics and its Applications},
  Year                     = {2015},
  Pages                    = {25--33},
  Volume                   = {421},
  Doi                      = {10.1016/j.physa.2014.11.023},
  ISBN                     = {0378-4371},
  ISSN                     = {03784371},
  Keywords                 = {Community detection,Complex network,Maximal clique,Partition density},
  Pmid                     = {1000105621}
}

@Article{Zhou2015c,
  Title                    = {{An approach for overlapping and hierarchical community detection in social networks based on coalition formation game theory}},
  Author                   = {Zhou, Lihua and L{\"{u}}, Kevin and Yang, Peizhong and Wang, Lizheng and Kong, Bing},
  Journal                  = {Expert Systems With Applications},
  Year                     = {2015},
  Number                   = {24},
  Pages                    = {9634--9646},
  Volume                   = {42},
  Doi                      = {10.1016/j.eswa.2015.07.023},
  File                     = {:home/amaury/.local/share/data/Mendeley Ltd./Mendeley Desktop/Downloaded/Zhou et al. - 2015 - An approach for overlapping and hierarchical community detection in social networks based on coalition formation ga.pdf:pdf},
  ISSN                     = {0957-4174},
  Keywords                 = {Social network,Community detection,Coalition forma},
  Url                      = {http://dx.doi.org/10.1016/j.eswa.2015.07.023}
}

@ARTICLE{Zhaoyun2013, 
author={Zhaoyun, D. and Yan, J. and Bin, Z.  and Yi, H}, 
journal={China Communications}, 
title={Mining topical influencers based on the multi-relational network in micro-blogging sites}, 
year={2013}, 
volume={10}, 
number={1}, 
pages={93-104}, 
doi={10.1109/CC.2013.6457533}, 
ISSN={1673-5447}, 
month={Jan},}

@InCollection{Zhou2015a,
  Title                    = {{A Fast Approach for Detecting Overlapping Communities in Social Networks Based on Game Theory}},
  Author                   = {Zhou, Lihua and Yang, Peizhong and L{\"{u}}, Kevin and Wang, Lizhen and Chen, Hongmei},
  Booktitle                = {Data Science},
  Year                     = {2015},
  Pages                    = {62--73},
  Volume                   = {9147},
  Doi                      = {10.1007/978-3-319-20424-6_7},
  ISBN                     = {978-3-319-20424-6; 978-3-319-20423-9},
  ISSN                     = {0302-9743},
  Url                      = {http://link.springer.com/10.1007/978-3-319-20424-6{\_}7}
}

@Article{Zhou2015b,
  Title                    = {{An ant colony based algorithm for overlapping community detection in complex networks}},
  Author                   = {Zhou, Xu and Liu, Yanheng and Zhang, Jindong and Liu, Tuming and Zhang, Di},
  Journal                  = {Physica A: Statistical Mechanics and its Applications},
  Year                     = {2015},
  Pages                    = {289--301},
  Volume                   = {427},
  Doi                      = {10.1016/j.physa.2015.02.020},
  ISBN                     = {978-1-4673-7682-2},
  ISSN                     = {03784371},
  Keywords                 = {Ant colony algorithm,Complex networks,Heuristic information,Overlapping community detection}
}



